3306 5252
1351 369 1415 437 235

51 546 255 613 comburendo
274 565 368 613 unam
393 568 411 614 a
433 548 642 615 fundamentis
666 549 783 614 domini
805 548 1016 633 Bulroratnlry,
1051 568 1120 614 eum
1146 569 1180 614 ex
1206 568 1291 616 mera
1311 551 1417 632 despe-
1512 571 1520 584 ·

53 637 168 700 ratione
203 637 370 700 adstrinxit
403 638 434 702 in
468 637 615 701 Tusciam
658 637 838 720 profugere,
880 656 935 720 per
970 656 1060 720 quem
1098 637 1173 702 dens
1206 637 1266 702 scit
1300 641 1417 721 quanta

53 723 133 787 mala
155 741 192 786 ac
215 724 325 788 damna
359 724 520 806 patiemur,
553 725 599 808 uti
630 726 695 788 suis
718 723 848 800 ultimis,
885 743 961 807 quas
985 743 1089 788 comes
1123 724 1222 788 banus
1256 744 1349 807 penes
1383 745 1415 790 se

54 810 155 886 babet,
177 829 298 875 summe
322 813 546 886 comminatur;
570 812 647 876 alias
672 830 753 888 vero,
786 811 847 876 nisi
871 813 924 876 illa
955 813 1157 877 successisset
1180 813 1319 894 irruptio,
1342 816 1415 878 tuuc

54 898 140 978 plane
160 897 215 962 illa
239 897 287 963 die
311 898 411 981 ipsum
436 898 645 964 infallibiliter
675 918 832 964 curassem
864 898 1089 982 deprehendere
1114 901 1146 963 et
1171 898 1416 965 Oiakothurnam

57 1005 108 1050 seu
134 986 221 1050 bonis
241 1005 295 1050 seu
318 987 411 1050 melis
434 987 618 1063 conducere3
642 988 716 1052 licet
746 989 829 1051 enim
853 991 959 1051 contra
982 987 1131 1070 quosdam
1157 987 1290 1052 infensos
1314 989 1416 1052 natio·

57 1073 101 1136 nis
116 1075 241 1138 nostrae
259 1074 459 1156 extirpatores
486 1074 610 1140 facilem
633 1074 891 1140 adinvenissimus
913 1074 1098 1156 repulsionis
1120 1075 1255 1150 modurn,
1287 1077 1415 1139 atamen

54 1163 191 1242 respectu
210 1179 283 1225 suae
299 1163 527 1226 sacratissimae
542 1161 706 1227 maestatis
722 1180 888 1240 armorum,
902 1162 1070 1227 contractis
1088 1162 1225 1227 humeris
1242 1164 1273 1226 et
1291 1163 1413 1244 lachry-

55 1248 218 1312 mabundis
242 1248 339 1314 oculis
362 1251 463 1331 potius
497 1250 601 1314 ruinae
634 1252 756 1314 nostras
788 1249 937 1331 inspicere
962 1251 993 1314 et
1015 1250 1169 1332 personali
1195 1250 1416 1332 competitione

55 1354 179 1418 spncere
204 1337 341 1401 debitam
385 1337 622 1402 submissionem
648 1357 703 1402 nec
724 1355 783 1401 non
807 1337 1035 1401 immutabilem
1060 1357 1132 1419 erga
1159 1338 1416 1421 augustissimam
1481 1356 1483 1360 ·

56 1424 180 1488 domum
212 1423 403 1488 devotionem
437 1425 603 1490 contestari
632 1425 795 1490 voluimus.
828 1424 927 1500 Unde,
963 1423 1204 1490 clementissime
1234 1425 1412 1508 imperator,

53 1529 158 1575 omnes
182 1511 274 1594 hujus
296 1512 425 1577 actionis
449 1511 713 1590 circumstantiae,
744 1511 819 1576 licet
848 1511 949 1594 primo
979 1515 1106 1594 aspectu
1135 1513 1268 1596 iniquae,
1292 1514 1412 1578 nullum

57 1601 165 1662 tamen
187 1599 287 1664 alium
308 1599 400 1664 duem
425 1601 609 1677 babuerunt,
634 1601 694 1666 nisi
725 1600 858 1664 excitare
881 1599 997 1664 famam
1021 1601 1053 1664 et
1076 1618 1266 1665 commorere
1288 1601 1416 1666 curiosi-

54 1687 160 1762 tatem,
185 1689 222 1750 ut
245 1706 338 1751 unum
364 1688 413 1751 rel
437 1688 569 1752 alterum
593 1707 629 1753 ex
653 1686 861 1753 tribunalibus
897 1691 1016 1752 restrae
1041 1691 1152 1754 sacrat.
1178 1689 1339 1753 maestatis
1362 1705 1417 1752 uos

54 1774 268 1856 requisivisset
287 1775 334 1839 vel
354 1776 482 1840 citasset
514 1775 552 1838 ad
577 1775 762 1840 reddendam
794 1774 1006 1857 operationum
1042 1779 1215 1840 nostrarum
1248 1776 1417 1852 rationem

59 1862 137 1942 quod
163 1863 189 1925 si
215 1863 312 1944 spreti
335 1863 501 1927 fuissemus
536 1863 584 1928 rel
619 1883 654 1928 ex
690 1866 868 1946 contemptu
903 1861 1157 1946 neglexissemus,
1192 1864 1318 1930 taudem
1343 1882 1416 1928 sane

54 1949 157 2013 omnia
177 1949 311 2015 nefanda
335 1952 366 2014 et
389 1951 541 2016 scelerata
564 1950 602 2016 de
626 1952 715 2016 nobis
739 1951 959 2032 argumentari,
982 1951 1062 2014 bona
1085 1951 1177 2016 etiam
1198 1953 1343 2015 universa
1365 1952 1419 2014 de·

54 2038 175 2100 restare
200 2039 233 2102 et
265 2056 423 2120 occupare,
455 2038 579 2102 demum
612 2057 756 2120 personas
784 2040 867 2120 ipsas
895 2057 949 2120 pro
980 2037 1147 2102 rebellibus
1181 2039 1213 2102 et
1241 2037 1417 2104 infidelibus

55 2124 256 2206 proclamare,
281 2125 445 2208 plusquam
458 2126 582 2211 justum
602 2128 634 2190 et
658 2127 785 2209 dignum
811 2125 939 2198 faisset;
964 2125 1070 2190 taliter
1094 2144 1164 2190 vero
1184 2144 1241 2190 nec
1256 2125 1345 2191 citati
1361 2144 1417 2189 nec

53 2213 157 2289 auditi,
190 2214 247 2278 sed
278 2213 316 2277 ob
348 2231 449 2276 meras
480 2212 576 2278 falsas
611 2215 643 2278 et
665 2216 806 2280 sinistras
831 2213 998 2278 delationes
1030 2213 1235 2289 condemnati,
1258 2214 1354 2278 immo
1378 2213 1417 2276 ob

53 2301 213 2381 peractam
236 2301 268 2364 iu
292 2301 379 2365 bonis
404 2301 625 2377 executionem,
658 2320 734 2384 quae
766 2300 945 2366 immediate
976 2302 1081 2365 notam
1111 2301 1307 2366 infidelitatis
1329 2319 1417 2383 prae·

53 2387 209 2469 supponit,
234 2387 265 2450 iu
289 2387 403 2452 honore
423 2391 454 2452 et
477 2389 671 2470 reputatione
696 2389 846 2454 diffamati
870 2390 1019 2452 extamus.
1046 2387 1140 2452 lusit
1162 2390 1266 2452 tamen
1294 2389 1416 2452 tantum

53 2474 192 2540 levitatis
216 2494 252 2540 ac
282 2477 545 2558 praesumptionis
569 2477 601 2540 iu
633 2495 691 2554 me,
724 2480 759 2542 ut
791 2477 822 2539 iu
854 2479 1018 2557 conspeetu
1042 2477 1162 2539 vestrae
1187 2475 1417 2540 sacratissimae

55 2562 229 2627 maiestatis
252 2564 337 2627 nullo
361 2564 452 2627 modo
477 2564 670 2646 operationes
696 2583 781 2629 meas
812 2564 982 2628 rectificare
1006 2581 1210 2645 exposcerem,
1242 2563 1296 2627 sed
1319 2563 1418 2626 liben-

54 2649 125 2726 tius,
151 2652 247 2715 etiam
278 2651 305 2714 si
337 2671 436 2716 essem
470 2651 742 2716 innocentissimus
773 2672 823 2718 me
856 2670 941 2715 reum
973 2650 1082 2726 fateor,
1119 2668 1154 2715 ao
1177 2651 1320 2714 innatam
1344 2668 1419 2714 auae

54 2739 161 2801 sacret.
177 2739 353 2803 maiestatis
376 2739 574 2803 clementiam
599 2757 650 2804 ore
674 2758 709 2804 ac
732 2741 823 2804 corde
846 2739 964 2814 invoco,
990 2737 1163 2802 streniam
1188 2737 1321 2802 demisse
1338 2742 1420 2820 peto,

54 2827 334 2907 compromitteudo
358 2845 408 2890 me
432 2827 463 2890 in
484 2826 623 2891 futurum
649 2846 723 2891 suae
757 2828 868 2890 sacret.
894 2825 1053 2890 maestatis
1077 2824 1295 2890 fidelissimum
1321 2825 1422 2890 vasal-

55 2911 119 2976 lum
142 2931 181 2976 ae
204 2913 418 2979 humillimum
443 2933 565 2978 serrum
587 2933 831 2997 permansurum,
856 2913 948 2994 inque
971 2912 1035 2976 auis
1059 2912 1294 2995 augustissimis
1324 2913 1421 2978 servi·

56 2999 106 3063 tiis
127 3020 188 3066 non
212 3000 311 3068 solum
336 3003 440 3065 omnia
463 3019 533 3066 mea
566 3001 620 3066 sed
652 3004 745 3067 etiarn
776 3002 873 3066 vitam
901 3001 933 3065 et
956 3000 1138 3084 sanguinem
1160 3019 1304 3084 spargere
1327 3019 1422 3082 para·

59 3087 122 3172 tum
147 3107 271 3170 semper
296 3089 369 3154 fore.
405 3088 498 3154 Hisce
530 3107 579 3154 me
610 3091 707 3155 denuo
737 3109 810 3154 suae
843 3089 955 3153 sacrat.
981 3089 1141 3153 maestatis
1177 3088 1361 3154 clementiae
1391 3090 1423 3152 et

57 3177 175 3255 gratiae
199 3176 334 3241 demisse
358 3177 547 3254 commendo,
574 3196 609 3242 ac
634 3178 735 3242 vivere
759 3179 895 3259 morique
912 3176 1112 3241 rolovestrae
1130 3178 1241 3241 sacrat.
1259 3194 1420 3242 caesareae

58 3263 223 3346 regiaeque
255 3265 430 3328 maiestatis
465 3264 658 3330 humillimus
696 3284 802 3330 seruus
836 3265 868 3328 et
902 3263 1035 3328 vasallus
1067 3263 1248 3340 Franciecus
1281 3263 1420 3328 marchio

59 3349 275 3434 Frangepanes
298 3370 401 3416 comes
424 3371 441 3416 a
462 3352 624 3418 Thersaez.

156 3439 328 3503 lavana:
354 3439 449 3522 Copia
480 3440 621 3504 Ersterer
650 3440 780 3505 relation
812 3438 885 3503 oder
916 3436 1095 3502 confession
1126 3439 1179 3501 des
1203 3435 1328 3502 Graffeu
1356 3455 1416 3506 roa

58 3521 250 3610 Frangepan.
275 3526 387 3591 Wienn
413 3528 433 3590 2
457 3526 531 3610 May
559 3527 651 3591 1670.

694 3727 787 3811 380.

58 3854 145 3924 1670,
158 3855 180 3915 3
192 3855 321 3934 poibrqa
338 3853 403 3914 aaa.
428 3855 545 3928 Rotae
558 3855 595 3914 K.
610 3855 795 4002 dragkgpqc
811 3849 975 3931 dopanjuje
990 3853 1002 3910 i
1017 3851 1167 3925 iapraolp'a
1180 3851 1265 3924 aooju
1277 3850 1424 3923 'iapoojesi

652 3960 668 4001 o
738 3961 774 4044 Na
799 3959 835 4000 m.

155 4061 379 4128 Sacratissima
402 4081 544 4128 caesarea
568 4063 710 4146 regiaque
728 4060 875 4126 maiestas
891 4057 1016 4123 domine
1028 4058 1151 4124 domine
1167 4055 1424 4123 clementissime.

58 4147 128 4214 Cum
149 4151 182 4214 in
198 4149 324 4232 praeuia
344 4168 413 4214 mea
446 4150 594 4215 relatione
621 4153 759 4214 exortam
781 4147 1001 4224 confusionem,
1032 4146 1231 4229 eiusdemque
1254 4162 1362 4209 musas
1388 4161 1423 4208 ac

57 4238 204 4301 rationem
230 4237 415 4320 simpliciter
439 4241 562 4302 rantum
586 4236 789 4321 exposuerim,
814 4234 904 4300 modo
928 4253 1054 4319 syncera
1072 4236 1104 4298 et
1130 4231 1333 4320 immutabili
1351 4249 1425 4316 erga

59 4342 140 4388 suam
164 4325 337 4407 augustias.
361 4325 485 4390 domum
510 4327 620 4391 ductus
644 4325 795 4391 fidelitate
818 4342 853 4387 ao
874 4322 1034 4388 devotione
1057 4321 1233 4404 effectivum
1257 4320 1354 4383 etiam
1380 4320 1424 4383 rei

58 4413 169 4477 statum
195 4412 332 4477 demisse
355 4413 592 4490 communicare,
617 4416 648 4478 et
667 4415 742 4477 haec
758 4410 918 4494 sequeutia
934 4428 988 4493 pro
1005 4409 1082 4475 buno
1103 4427 1176 4472 suae
1192 4405 1423 4471 sacratissimae

57 4499 227 4565 maiestatis
251 4500 396 4565 intimare
419 4500 595 4566 humillime
613 4518 732 4583 rogans,
762 4499 956 4581 praesentem
991 4514 1094 4561 reram
1118 4497 1149 4559 et
1173 4512 1281 4577 puram
1305 4493 1424 4559 revela·

58 4586 166 4651 tionem
180 4590 288 4653 restra
303 4589 516 4654 sacratissima
529 4589 678 4654 miaestas
694 4605 749 4652 suo
762 4603 885 4652 cesaree
903 4585 1019 4668 pectori
1036 4601 1181 4666 reponere
1197 4581 1422 4664 benignissime

58 4674 206 4757 dignetur.
240 4676 286 4740 De
317 4676 462 4742 instituta
492 4676 686 4759 ablegatione
710 4675 747 4739 ad
778 4673 948 4738 Turcarum
979 4672 1197 4752 imperatorem
1222 4669 1422 4734 verissimum

56 4766 107 4842 esr,
129 4763 377 4830 clementissime
393 4783 507 4844 caesar,
524 4783 574 4830 me
590 4765 653 4830 ullo
669 4762 759 4828 modo
774 4761 869 4826 fnisse
883 4759 1049 4840 conscium,
1074 4777 1146 4823 nam
1163 4759 1202 4824 ob
1218 4755 1424 4841 singularem,
