3360 5246
259 354 297 416 16

255 525 434 611 Hungariae
457 525 593 609 palatino
617 529 648 590 et
669 524 768 590 iudice
792 522 1018 602 Cumanorum,
1040 524 1126 589 aurei
1150 522 1273 589 velleris
1297 524 1418 608 equite,
1442 524 1574 590 domino
1597 523 1627 586 et
1673 575 1674 608 ,

254 619 341 698 patre
364 617 468 679 nostro
491 613 718 692 colendissimo,
743 613 941 690 contulimus,
965 612 1151 694 quibusnam
1175 613 1233 677 viis
1250 613 1281 677 et
1295 611 1405 677 mediis
1427 612 1514 677 iuxta
1540 611 1625 694 leges
1673 627 1674 636 ¹

257 706 288 766 et
312 702 547 768 constitutiones
571 701 667 786 regni,
694 700 943 783 conditionesque
959 701 1183 783 dipplomatum
1201 701 1359 783 regiorum
1383 701 1560 765 remedium
1578 701 1628 763 ad-

256 789 358 855 hiberi
380 789 486 872 possit.
511 790 587 854 Post
610 791 720 872 longas
745 789 826 853 ultro
850 789 989 871 citroque
1019 787 1118 854 factas
1150 788 1332 853 collationes
1362 789 1487 852 tandem
1513 806 1628 852 conue-

258 878 370 956 nimus,
395 881 426 943 et
448 877 628 943 solemniter
653 876 812 960 stipulatis
848 877 991 940 manibus
1018 877 1166 958 praestito
1190 875 1322 942 inuicem
1346 877 1522 940 iuramento
1549 875 1626 940 alter

255 967 345 1030 alleri
366 965 577 1049 promisimus,
602 966 682 1049 quod
707 967 737 1029 in
762 965 853 1029 hocce
877 963 1057 1029 calamitoso
1082 965 1169 1048 regni
1192 966 1294 1041 statu,
1323 967 1386 1028 tam
1410 966 1442 1029 in
1466 965 1625 1047 prosperis

256 1073 347 1137 quam
371 1055 402 1117 in
426 1054 573 1128 adversis,
595 1054 674 1118 alter
697 1053 831 1118 alterum
850 1070 909 1117 non
927 1054 1112 1130 deseremus,
1138 1054 1190 1117 sed
1216 1052 1333 1118 mutuis
1351 1059 1471 1117 nosmet
1487 1051 1625 1127 auxiliis,

254 1141 292 1206 ad
316 1142 462 1206 ultimam
486 1160 582 1225 usque
606 1141 765 1226 sanguinis
782 1141 914 1224 guttam,
939 1139 1145 1204 defendemus.
1169 1139 1219 1205 Sic
1237 1158 1292 1204 nos
1315 1140 1390 1204 deus
1413 1141 1559 1216 adiuret;
1585 1140 1627 1203 sie

254 1230 375 1294 animae
399 1231 521 1296 nostrae
545 1230 586 1293 sit
608 1229 767 1311 propitius.
792 1229 834 1293 Et
863 1229 895 1292 in
927 1228 1166 1310 praemissorum
1191 1229 1292 1292 maius
1322 1229 1414 1293 robur
1437 1231 1469 1292 et
1489 1228 1624 1292 firmita-

255 1321 319 1382 tem
343 1321 519 1399 praesentes
536 1319 667 1394 nostras,
693 1317 807 1400 sigillis
822 1317 935 1380 nostris
948 1319 979 1380 et
992 1334 1139 1380 manuum
1153 1319 1327 1380 nostrarum
1340 1315 1621 1397 subscriptionibus

257 1405 406 1482 firmatas,
431 1405 622 1469 alteralteri
646 1404 787 1469 dedimus
811 1404 928 1468 literae.
953 1403 1069 1468 Datum
1094 1403 1125 1467 in
1148 1403 1292 1468 Thermis
1323 1403 1552 1468 Stubnensibus
1578 1404 1625 1466 die

257 1492 278 1555 5
302 1490 418 1556 mensis
442 1492 549 1574 aprilis
579 1491 670 1556 1666.
695 1491 805 1557 Comes
828 1491 941 1556 Petrus
964 1492 982 1554 a
1004 1491 1086 1555 Zrin.
1111 1489 1219 1556 Comes
1242 1492 1424 1556 Franciscus
1442 1491 1621 1574 Weseleuy.

364 1665 430 1732 Nos
455 1685 557 1732 comes
581 1667 944 1751 FranciscusWeselerry
966 1666 1134 1744 deHadad,
1157 1667 1244 1750 regni
1267 1665 1446 1750 Hungariae
1469 1665 1628 1747 palatinus

263 1757 295 1819 et
318 1755 407 1818 iudex
431 1753 649 1833 Cumanorum,
674 1755 758 1820 aurei
789 1754 913 1820 velleris
945 1773 1059 1837 eques,
1089 1753 1224 1818 fatemur
1247 1758 1279 1818 et
1303 1755 1551 1837 recognoscimus
1574 1771 1629 1836 per

151 1899 152 1902 ,
263 1861 415 1925 praesens,
435 1845 516 1927 quod
540 1843 733 1908 considerato
756 1844 788 1907 et
806 1844 883 1907 berre
909 1843 1061 1924 pensitato
1085 1842 1239 1925 praesenti
1262 1843 1354 1906 istius
1386 1843 1473 1925 regni
1492 1841 1628 1924 Hunga·

260 1933 333 2008 riae,
354 1933 473 2013 patriae
494 1933 616 1996 nostrae
638 1932 848 2008 charissimae,
873 1932 905 1994 et
927 1931 1026 1994 eidem
1058 1949 1245 1996 annexorum
1276 1948 1442 2013 regnorum
1474 1929 1629 2011 periculo-

262 2020 385 2084 sissimo
409 2023 492 2084 statu
516 2019 724 2102 ultimumque
746 2019 882 2083 minante
907 2019 1217 2084 calamitosissimum
1250 2017 1424 2095 excidium,
1457 2036 1513 2100 pro
1536 2035 1627 2081 aver·

259 2107 361 2172 tendis
385 2107 560 2173 istiusmodi
586 2107 677 2172 malis
701 2126 771 2172 cum
796 2106 1053 2172 excellentissimo
1077 2105 1200 2171 domino
1224 2107 1335 2171 comite
1358 2105 1451 2170 Petro
1476 2109 1626 2187 perpetuo

258 2194 412 2272 aZrinio,
436 2212 603 2278 regnorum
627 2195 814 2272 Dalmatiae,
840 2193 981 2259 croatiae
1015 2196 1047 2259 et
1078 2193 1258 2260 Sclavenine
1293 2195 1389 2272 bano,
1422 2193 1487 2258 filio
1518 2195 1626 2257 nostro

259 2282 452 2361 charissimo,
477 2284 676 2362 contulimus,
704 2283 890 2366 quibusnam
915 2282 973 2346 riis
997 2285 1029 2346 et
1053 2282 1159 2347 mediis
1192 2283 1280 2346 iuxta
1310 2283 1394 2364 leges
1418 2282 1450 2346 et
1472 2282 1628 2346 constitu-

258 2371 359 2435 cioues
382 2371 479 2454 regni,
502 2371 752 2454 conditionesque
775 2370 1002 2453 dipplomatum
1025 2369 1178 2452 regiorum
1200 2369 1372 2434 remedium
1389 2368 1529 2434 adhiberi
1553 2388 1626 2452 pos·

261 2457 313 2524 sit.
337 2459 414 2523 Post
435 2459 544 2542 longas
568 2459 650 2524 ultra
681 2461 819 2541 citroque
851 2457 949 2522 factas
980 2457 1159 2522 collationes
1190 2457 1317 2522 tandem
1340 2457 1560 2534 convenimus,
1596 2460 1628 2520 et

258 2547 437 2612 solemniter
460 2547 618 2630 stipularis
643 2546 796 2624 manibus,
820 2547 969 2628 praestito
992 2545 1123 2612 inuicem
1145 2545 1320 2610 iuramento
1335 2546 1415 2610 alter
1439 2544 1533 2609 alteri
1556 2562 1627 2627 pro·

260 2635 415 2714 misimus,
435 2636 515 2718 quod
539 2635 570 2698 in
594 2637 686 2699 hocce
710 2633 891 2700 calamitoso
914 2633 1002 2718 regni
1029 2634 1130 2710 statu,
1155 2634 1220 2697 tam
1244 2633 1276 2697 in
1299 2632 1454 2716 prosperis
1474 2651 1571 2715 quam
1598 2633 1629 2696 in

263 2722 399 2788 aduersis
413 2721 492 2787 alter
504 2721 637 2787 alterum
656 2727 714 2787 non
726 2721 919 2800 deseremus;
944 2722 995 2785 sed
1009 2721 1124 2786 mutuis
1144 2722 1266 2786 nosmet
1278 2721 1411 2801 auxiliis,
1428 2720 1466 2784 ad
1483 2721 1631 2785 ultimam

261 2829 356 2891 usque
391 2811 551 2892 sanguinis
575 2812 716 2892 guttam,
746 2809 953 2874 defendemus.
984 2807 1034 2874 Sic
1066 2827 1125 2873 nou
1156 2809 1232 2873 deus
1255 2809 1397 2886 adiuret,
1429 2809 1473 2872 sio
1504 2809 1630 2873 animae

260 2901 381 2962 nostrae
405 2898 446 2960 sit
468 2897 628 2980 propitius.
653 2897 695 2961 st
717 2898 748 2962 in
772 2898 1011 2979 praemissorum
1035 2897 1135 2962 maius
1165 2896 1258 2962 robur·
1281 2899 1312 2961 et
1333 2897 1516 2960 firmitatem
1540 2915 1631 2979 prae·

260 2986 363 3049 sentes
386 2987 517 3063 nostras,
542 2985 654 3068 sigillis
679 2987 794 3054 nostris
825 2987 858 3050 et
888 3003 1036 3050 manuum
1070 2987 1243 3050 nostrarum
1274 2984 1554 3066 subscriptionibus
1578 2983 1632 3048 tir·

261 3071 468 3150 matos-alter
487 3072 579 3137 alteri
592 3073 734 3137 dedimus
746 3074 863 3138 literas.
888 3074 1006 3138 Datum
1019 3075 1050 3136 in
1062 3072 1205 3137 Thermis
1218 3071 1445 3138 Stubnensibus
1457 3072 1506 3137 die
1519 3073 1632 3156 quinta

262 3161 375 3225 mensis
399 3159 506 3244 aprilis
530 3179 608 3226 anoo
630 3160 747 3224 domini
776 3161 942 3227 millesimo
966 3161 1203 3226 sescentessimo
1227 3161 1418 3244 sexagesimo
1441 3161 1539 3225 serto.
1572 3159 1632 3225 Oo-

263 3267 327 3312 mes
351 3249 525 3334 Weseleny,
550 3265 651 3312 comes
676 3248 786 3313 Petrus
811 3266 830 3312 a
850 3249 930 3313 Zrin.

367 3341 419 3399 Na
440 3341 537 3402 hrota.
563 3335 719 3400 Francisci
743 3337 910 3421 Weseleny
933 3336 1062 3420 palatini
1084 3335 1263 3421 Hungariae
1294 3335 1454 3419 originalis
1477 3335 1633 3420 obligatio

262 3426 295 3489 et
317 3424 477 3506 stipulatio
501 3425 606 3489 comiti
631 3423 724 3488 Petro
747 3443 766 3488 a
788 3423 891 3489 Zrinio
914 3425 951 3489 de
975 3427 1083 3489 mutuo
1104 3425 1215 3490 auxilio
1238 3428 1270 3489 et
1292 3425 1476 3490 defensione.

312 3515 342 3575 U
362 3515 474 3588 tujnom
496 3515 541 3575 dc.
564 3517 576 3575 a'
598 3516 659 3576 dri.
685 3517 800 3576 bedleem
822 3517 938 3575 ardica

266 3761 362 3830 1666,
384 3747 432 3820 25
450 3761 546 3834 aprile
572 3761 694 3822 Vienna.
718 3763 862 3822 Posloar'lr
877 3653 1014 3822 multllm
1038 3761 1158 3836 (liureio
1184 3761 1317 3822 Comere
1340 3779 1356 3821 c
1379 3761 1630 3838 aeeadooolp'stou,
1672 3745 1673 3750 ἵ

262 3849 327 3922 troje
343 3849 376 3923 je
393 3849 557 3923 poslledm‘r'
579 3867 688 3925 upooor
717 3851 1117 3998 661666ἀ1ὲ6661616361ὄ6616
1146 3869 1168 3910 a
1197 3851 1352 3927 Uparsleoj.
1392 3851 1483 3910 Pctar
1505 3849 1633 3908 Zriraslai

857 3956 926 3998 ouo
947 3956 970 3997 u
1021 3955 1059 3997 e.

368 4037 421 4104 Gli
443 4037 584 4121 Ungheri
609 4057 682 4103 sono
703 4038 875 4105 inferrociti
896 4061 951 4122 per
983 4040 1063 4105 tanti
1096 4041 1258 4124 discapiti,
1289 4041 1346 4108 ohe
1369 4039 1410 4125 gl'
1428 4039 1573 4106 inferisce
1598 4039 1629 4104 la

265 4145 349 4209 pace.
374 4125 402 4190 ll
425 4130 513 4190 conte
537 4125 675 4191 Nadasdi
694 4125 728 4190 16
751 4128 967 4193 ultimamente
991 4127 1041 4193 nel
1067 4130 1215 4212 consiglio
1238 4130 1269 4194 di
1293 4132 1376 4194 stato
1399 4147 1415 4194 e
1438 4128 1526 4213 parld
1550 4128 1631 4194 alta-

262 4217 377 4292 meote,
402 4213 607 4279 rimostrando
622 4233 705 4279 esser
726 4213 747 4278 l'
761 4213 920 4298 Ungheria
932 4217 1145 4283 abbandonata
1158 4217 1218 4283 alla
1230 4217 1436 4284 descrettiooe
1452 4218 1488 4282 de
1501 4217 1629 4296 Turchi,

263 4301 473 4368 minacciando
497 4302 622 4385 pericoli
646 4322 683 4367 oe
707 4303 827 4386 popoli,
863 4303 1059 4369 sollenationi
1090 4325 1105 4369 e
1138 4306 1276 4371 tumulti.
1313 4307 1366 4370 Ma
1397 4307 1430 4370 la
1457 4307 1543 4370 corte
1569 4323 1629 4370 non

263 4389 352 4466 bada,
377 4391 479 4455 sicura
498 4389 548 4454 del
571 4391 680 4455 Torco.
710 4391 864 4456 Meritano
887 4391 1033 4475 riguardo
1055 4392 1067 4455 i
1090 4393 1216 4458 discorsi
1247 4394 1297 4460 del
1327 4395 1418 4459 conte
1442 4393 1627 4468 Strassoldo,

264 4477 533 4559 sopraintendente
567 4478 646 4543 delle
677 4477 888 4544 fortificazioni
918 4480 951 4543 di
982 4478 1147 4559 Oarlistot,
1178 4483 1234 4546 che
1264 4483 1431 4547 dorrebero
1464 4481 1629 4547 custodirsi

265 4565 484 4649 gelosamente.
507 4565 523 4628 1
545 4567 658 4631 anchi
683 4567 709 4632 si
732 4569 871 4632 radunan
901 4566 1105 4652 aBelgrado.
1133 4569 1162 4634 ll
1185 4572 1274 4635 conte
1298 4571 1328 4634 di
1353 4569 1475 4649 Sdrino,
1509 4572 1622 4636 venuto

264 4653 328 4719 alla
348 4655 441 4733 corte,
469 4672 545 4719 anco
568 4653 598 4719 lo
621 4655 785 4721 conferma.

314 4743 346 4806 U
363 4745 440 4806 mlet.
463 4745 589 4805 artium
612 4745 785 4818 Gmmanta,
807 4747 863 4808 661.
889 4749 961 4819 129,
984 4765 1064 4808 auno
1088 4750 1182 4807 1666.

581 4831 600 4862 0
