3306 5252
254 347 320 416 230

257 550 308 597 me
330 529 466 612 applicui
490 529 650 596 voluntati
672 547 746 596 suae
779 531 963 609 maiestatis,
995 530 1067 597 misi
1098 533 1169 596 ante
1200 531 1367 596 terminum
1392 551 1496 597 meum
1522 531 1613 598 filium
1640 527 1641 592 i

258 620 316 684 hac
339 636 410 682 cum
443 620 657 699 declaratione,
686 619 768 702 quod
798 621 824 683 si
854 638 902 683 me
933 637 989 683 sua
1013 618 1159 684 maiestas
1183 638 1327 684 caesarea
1355 620 1487 704 jusserit
1509 621 1613 689 venire,
1640 619 1641 622 ’

262 707 404 772 omnibus
427 707 654 789 praetermissis
678 707 822 789 negotiis,
841 707 878 772 ad
891 709 1000 771 nutum
1016 726 1087 772 suae
1106 707 1281 788 majestatis
1295 710 1404 784 adero;
1420 707 1504 772 illico
1518 725 1614 772 omnes

259 813 344 860 meas
375 794 657 876 correspondentias
689 795 831 859 inimicas
866 795 1043 872 annihilavi,
1076 813 1131 858 uec
1155 796 1239 859 aliud
1269 813 1286 858 a
1313 797 1377 859 Deo
1407 796 1504 870 oravi,
1531 813 1613 876 quam
1640 799 1641 806 ’

261 883 338 966 quod
372 882 403 944 in
433 883 566 964 gratiam
600 901 677 946 suae
711 882 887 964 majestatis
917 884 1014 946 redire
1045 883 1171 964 possim.
1205 883 1256 949 Sic
1287 882 1491 946 existimando
1522 901 1568 946 rne
1590 883 1616 944 iu

261 987 383 1035 summa
407 971 573 1035 securitate
597 989 674 1048 esse,
705 973 828 1052 propter
852 969 973 1052 parolus
996 970 1132 1034 diversas
1157 970 1233 1044 mihi
1257 970 1364 1047 datas3
1388 972 1488 1034 intera
1513 989 1548 1032 ex
1563 987 1616 1032 una

263 1060 351 1140 parte
373 1075 538 1140 aggressus
562 1077 580 1122 a
602 1059 714 1123 comite
738 1058 873 1136 Bretiner,
897 1058 936 1122 ab
954 1057 1015 1120 alia
1041 1061 1128 1139 parte
1146 1076 1162 1121 a
1178 1058 1366 1135 confinariis,
1390 1057 1502 1122 itidem
1519 1055 1617 1121 comiti

262 1147 389 1210 Breiner
412 1145 606 1222 concreditis,
630 1146 741 1228 quibus
765 1146 907 1209 omnibus
932 1144 1083 1210 facillima
1115 1146 1290 1209 resistentia
1326 1145 1402 1209 mihi
1425 1144 1547 1221 fuisset,
1573 1145 1618 1207 sed

259 1233 351 1309 absit,
377 1251 451 1297 suae
471 1233 644 1316 majestatis
667 1234 763 1297 armis
786 1252 836 1297 me
858 1233 1047 1316 opposuisse,
1071 1233 1252 1314 praesertim
1266 1251 1336 1297 cum
1350 1232 1416 1315 jam
1432 1234 1618 1297 assecuratus

261 1319 380 1385 fueram
405 1321 443 1385 de
464 1321 598 1404 benigna
620 1321 786 1385 clementia
809 1321 924 1384 domiui
947 1321 1042 1384 nostri
1072 1320 1316 1384 clementistimi.

366 1408 416 1473 Sic
442 1411 562 1488 incepta
574 1409 680 1473 Insula
698 1409 835 1485 lacerari,
860 1409 963 1490 diripi,
987 1408 1048 1471 vidi
1074 1411 1233 1490 praeterea
1248 1409 1286 1472 ab
1314 1407 1495 1490 interceptis
1512 1405 1619 1470 litteris

261 1497 356 1561 etiam
389 1496 599 1579 germanicum
634 1497 801 1562 exercitum
836 1495 937 1561 venire
968 1495 1000 1558 in
1032 1497 1218 1559 eversionem
1248 1495 1328 1560 arcis
1360 1514 1430 1560 cum
1462 1495 1619 1560 tormentis

262 1583 393 1662 bellicis,
426 1584 488 1648 vidi
521 1585 599 1648 tales
629 1585 841 1649 extremitates
873 1583 1122 1666 appropinquari,
1151 1584 1234 1648 nolui
1268 1583 1372 1648 videro
1406 1583 1619 1647 malevolomm

264 1689 401 1735 meorum
425 1674 455 1735 in
480 1690 529 1736 vne
553 1672 764 1737 dishonoratas
788 1672 923 1736 actiones
948 1672 1097 1746 exerceam
1122 1671 1153 1734 in
1170 1672 1217 1735 his
1233 1671 1433 1736 turbulentiis
1464 1669 1621 1736 conscendi

261 1757 300 1822 de
324 1760 412 1823 nocte
435 1777 547 1842 equum
571 1762 602 1823 et
625 1761 747 1826 Murem
770 1761 897 1826 fluvium
930 1759 1150 1823 transnatando
1185 1759 1244 1824 buo
1269 1759 1347 1837 veni,
1371 1751 1408 1824 ad
1440 1757 1534 1842 pedes
1557 1775 1621 1822 suae

265 1847 440 1928 maJostatis
463 1866 512 1912 me
543 1848 760 1930 provolvendo.

368 1935 419 2000 Sic
443 1954 521 1998 nunc
545 1937 661 2014 Insula,
684 1954 702 2000 a
725 1937 773 1999 tot
793 1934 881 1999 aunis
894 1934 1018 2016 propria
1035 1934 1243 1998 substantiola
1263 1939 1376 2010 nostra,
1396 1933 1487 1998 variis
1505 1933 1622 1996 casibus

263 2025 296 2089 et
317 2022 464 2105 periculis
488 2023 637 2105 exposita,
661 2023 838 2088 discrimine
866 2023 947 2086 vitae
970 2023 1103 2098 nostrae,
1128 2022 1227 2086 multo
1250 2021 1398 2105 sangnine
1421 2021 1623 2085 indesinenter

267 2129 363 2195 usque
387 2129 466 2174 nunc
490 2111 644 2176 custodita
669 2114 700 2175 et
732 2110 866 2188 detensa,
896 2109 1121 2192 aquibosdam
1152 2109 1298 2174 Valachis
1322 2111 1354 2172 et
1377 2109 1454 2174 levis
1479 2106 1623 2173 momenti

266 2199 454 2262 confiuiariis
467 2198 643 2263 homiuibus
669 2199 796 2280 praedae
820 2198 957 2279 exposita
980 2199 1012 2260 et
1027 2196 1123 2260 ruinis
1150 2199 1319 2279 aggravata
1335 2197 1391 2261 sub
1407 2197 1510 2280 specie
1528 2195 1625 2259 deien-

265 2285 360 2349 sionis
384 2285 499 2350 interit.
524 2287 610 2351 Bona
634 2289 793 2368 praeterea
813 2287 844 2349 in
868 2284 992 2349 Oroatia
1012 2283 1125 2365 ubique
1148 2287 1307 2368 occupata,
1324 2285 1363 2349 ab
1379 2285 1557 2349 oeconomia
1572 2301 1623 2346 non

264 2374 365 2438 solum
390 2373 601 2438 destituuntur
625 2375 847 2439 verumetiam
873 2373 911 2436 ab
935 2372 1077 2437 omnibus
1100 2370 1256 2436 dominata
1285 2374 1322 2435 ad
1356 2372 1486 2436 nihilum
1518 2371 1624 2435 sensim

264 2464 417 2544 aguntum
441 2462 539 2526 coloni
556 2462 746 2545 depraedati,
771 2460 896 2525 mobilia
920 2461 1034 2535 ablata,
1068 2461 1258 2540 provisorum
1282 2459 1459 2524 officialium
1482 2460 1559 2542 gula
1582 2477 1624 2520 sa-

264 2549 397 2631 ginatur.
423 2550 560 2632 Denique
593 2551 710 2631 majora
725 2551 836 2632 dignus
853 2567 871 2610 a
886 2547 1008 2612 domino
1029 2545 1084 2609 deo
1103 2567 1181 2611 uunc
1200 2549 1326 2631 peccata
1342 2546 1484 2611 mealuo.
1504 2547 1627 2628 Propter

265 2654 343 2718 quae
367 2639 398 2701 et
422 2637 524 2702 omnia
547 2637 608 2700 alia
632 2639 673 2701 sit
695 2655 807 2701 nomen
840 2637 955 2700 domini
987 2634 1192 2698 benedictum.
1223 2634 1333 2699 Comes
1365 2635 1476 2698 Petrus
1508 2634 1626 2698 aZrin.

369 2727 409 2791 In
432 2743 548 2790 vana:
573 2723 666 2806 (topia
687 2725 830 2788 Ersterer
852 2723 996 2788 Relatiou
1019 2722 1092 2786 oder
1115 2720 1293 2787 Govrfession
1316 2723 1370 2788 des
1393 2723 1484 2786 Peter
1509 2721 1627 2790 Graffeu

264 2834 323 2880 von
347 2813 428 2878 Zriu.
453 2813 543 2877 Wieu
568 2813 587 2875 2
611 2813 684 2899 May
711 2813 803 2877 1670.

310 2905 387 2965 loeo.

905 3018 991 3102 379.

270 3146 364 3216 1670,
386 3146 408 3204 2
431 3144 557 3216 svibnp'c.
589 3143 658 3204 Bed.
695 3143 776 3203 Proc
808 3146 949 3291 iapiopjest
978 3146 990 3204 i
1020 3162 1093 3218 prae
1124 3142 1306 3217 carcedonio
1329 3141 1422 3200 bacae
1445 3139 1573 3212 Franjc
1594 3136 1631 3196 K.

893 3235 1061 3305 canopaea.
1400 3271 1407 3281 -

375 3353 591 3418 Sacratissima
622 3371 765 3418 caesarea
802 3354 948 3436 regiaque
987 3352 1143 3426 maiestas,
1181 3349 1301 3414 domine
1332 3345 1455 3410 domine
1487 3345 1626 3410 clemen-

272 3442 413 3506 tissime!
437 3440 565 3518 Quando
589 3445 621 3506 et
640 3441 773 3525 qualiter
798 3441 940 3506 dominus
964 3458 1067 3505 comes
1091 3439 1190 3502 banus
1217 3455 1289 3500 suos
1311 3434 1459 3510 homines,
1484 3432 1628 3497 videlicet

275 3529 433 3593 dominum
457 3530 650 3610 capitaneum
675 3528 892 3613 Bakouatsty,
925 3531 962 3594 ad
989 3530 1158 3594 Turcarum
1184 3525 1413 3606 imperatorem,
1437 3521 1630 3603 capitaneum

275 3633 348 3679 uero
374 3615 544 3680 Borizlaviz
577 3619 609 3681 et
643 3618 800 3681 dominum
836 3616 980 3699 Poglediz
1015 3616 1052 3680 ad
1088 3614 1213 3678 bassam
1248 3613 1460 3687 Bossnensem,
1485 3610 1631 3690 tanquam

277 3703 400 3767 obsides
423 3704 600 3785 expedierit,
625 3704 740 3769 nullam
765 3703 888 3787 penitus
909 3702 1004 3768 habui
1030 3702 1182 3766 notitiam.
1203 3700 1313 3776 Immo,
1338 3716 1410 3761 cum
1431 3698 1504 3778 post
1520 3695 1631 3791 aliquot

275 3789 341 3854 dias
376 3790 511 3872 ipsorum
543 3791 695 3856 discessus
728 3793 909 3856 accesserim
938 3789 1113 3874 praefatum
1145 3785 1290 3852 comitem
1315 3786 1428 3849 banum
1452 3781 1631 3867 penetrandi

275 3877 376 3963 gratia
404 3881 594 3960 superiorum
621 3880 753 3959 partium
785 3879 907 3943 nonalia
940 3879 1031 3962 (quae
1063 3877 1158 3940 etiam
1190 3892 1249 3938 non
1282 3871 1436 3936 intermisi
1459 3873 1546 3937 omni
1570 3887 1631 3934 cum

277 3967 464 4049 synceritate
486 3965 746 4031 excellentissimo
780 3966 904 4030 domino
927 3967 1032 4030 comiti
1056 3963 1185 4028 Alberto
1208 3981 1227 4026 a
1250 3958 1446 4026 dinzenuorff
1465 3959 1633 4024 communi·

270 4055 371 4136 caro):
396 4072 502 4118 eorum
526 4053 680 4136 ablegatio
703 4071 759 4118 nec
782 4053 813 4117 in
847 4054 974 4119 minimo
1006 4052 1066 4117 icit
1096 4051 1172 4117 mihi
1198 4048 1441 4122 communicata3
1466 4047 1522 4110 sed
1545 4047 1631 4111 rodus

272 4145 396 4207 domum
419 4144 491 4224 post
513 4140 590 4204 duas
614 4142 668 4205 aut
691 4143 753 4205 tres
781 4141 969 4223 septimanas
992 4142 1092 4224 primo
1128 4157 1146 4203 a
1168 4135 1476 4218 correspondentibus
1500 4153 1538 4198 ex
1562 4133 1632 4197 Tur·

273 4228 320 4294 cia
343 4229 435 4294 habui
460 4227 640 4292 relationem
665 4229 749 4294 illius
771 4228 948 4310 inopinatae
972 4227 1140 4303 missionis,
1173 4226 1231 4302 cui,
1254 4227 1290 4288 ut
1312 4241 1420 4287 uerum
1443 4220 1560 4295 fatear,
1584 4236 1631 4282 nec

272 4316 365 4382 fidem
389 4335 445 4382 nec
467 4335 558 4380 aures
589 4317 733 4395 praebere
762 4315 853 4394 volui,
885 4320 1024 4381 attamen
1053 4315 1233 4378 curiositate
1265 4313 1375 4375 ductus
1406 4309 1564 4373 insinuavi
1587 4323 1630 4370 me

273 4405 354 4486 apud
375 4405 519 4469 comitem
542 4404 579 4468 de
604 4405 647 4467 rei
671 4405 810 4478 veritate,
832 4422 851 4466 a
874 4423 933 4487 quo
953 4405 984 4467 iu
1007 4417 1188 4485 responsum
1213 4399 1317 4475 habui,
1341 4417 1408 4462 esse
1427 4414 1533 4460 meras
1550 4395 1631 4460 febu-

273 4492 412 4566 lationes,
438 4494 470 4557 in
493 4491 604 4557 effectu
627 4495 733 4555 autem
757 4492 829 4556 illos
854 4493 977 4556 misisse
1000 4492 1032 4554 iu
1057 4489 1247 4571 superiorem
1270 4485 1464 4568 Huugariam
1482 4485 1516 4548 et
1532 4487 1629 4578 partes

274 4577 524 4660 Transylvauiae,
565 4596 618 4660 pro
654 4578 839 4644 stabiliendo
873 4581 920 4644 sui
954 4579 1010 4644 filii
1040 4573 1246 4642 matrimonio.
1278 4573 1375 4655 Super
1399 4572 1458 4636 hoc
1481 4573 1628 4654 acquievi,

275 4664 469 4748 aliorumque
492 4666 724 4731 vociferationes
745 4667 929 4750 contempsi.
953 4666 1040 4731 Vnde
1065 4662 1307 4730 clementissime
1330 4661 1510 4743 imperator,
1536 4659 1628 4742 prime

274 4751 428 4837 principia
451 4771 486 4817 cc
508 4755 666 4818 institutio
690 4754 894 4838 ablegationis
916 4754 992 4819 mihi
1018 4752 1215 4819 nullomodo
1231 4749 1356 4815 inerunt
1371 4747 1504 4826 conscia,
1532 4746 1628 4811 minus
