3306 5252
295 201 307 229 Ι

220 340 285 408 236

227 541 319 610 quam
345 538 465 604 semper
495 519 531 584 de
561 535 611 584 me
642 516 816 584 habuerunt
844 516 1058 602 suspicionem,
1088 517 1215 584 eandem
1246 517 1304 583 sub
1326 534 1448 584 summe
1473 514 1602 581 secreto

228 609 458 685 conservabant,
485 608 516 672 et
537 605 613 672 licet
635 605 776 670 domiuus
800 605 897 670 banus
921 608 991 688 post
1014 607 1190 672 stabilitum
1212 605 1275 671 iam
1305 607 1475 670 tractatum
1503 622 1600 668 snam

223 697 425 763 intentionem
450 694 552 783 alique
576 696 665 758 modo
681 693 758 757 mihi
776 694 1024 772 comunicaverit,
1042 713 1169 777 eamque
1182 693 1358 758 nullatenus
1374 698 1483 758 contra
1500 691 1602 754 davo·

225 789 341 852 tionem
360 781 604 848 Christianitatis
620 782 652 846 et
671 780 855 846 fidelitatem
882 784 1003 846 vestrae
1023 782 1253 847 sacratissimae
1270 781 1443 846 maiestatis
1467 781 1599 844 exstare

225 871 403 940 firmissima
428 869 604 944 asseruerit,
634 869 687 933 sed
716 887 790 950 pure
814 871 888 951 puta
912 869 950 933 ob
980 887 1088 934 causas
1112 870 1142 932 in
1166 865 1262 952 priori
1282 869 1430 934 relatione
1454 868 1599 950 positas3

226 965 364 1026 attamen
388 958 479 1022 facile
503 955 800 1038 comprehendebam
823 957 939 1021 dictum
954 957 1099 1021 comitem
1124 976 1244 1021 mecum
1266 957 1413 1022 simulare
1429 957 1462 1020 ot
1476 954 1601 1020 intrin-

225 1068 293 1115 sece
316 1047 395 1111 alios
419 1045 521 1110 fovere
543 1044 708 1125 conceptus
725 1045 756 1107 et
772 1044 1025 1109 machinationes.
1043 1046 1113 1110 ldeo
1130 1045 1251 1126 saepius
1268 1045 1370 1127 ipsum
1386 1043 1598 1125 alloquebar:

225 1138 368 1220 dignetur
392 1134 457 1199 siue
479 1132 547 1197 luco
571 1133 603 1196 et
625 1131 694 1196 dolo
717 1150 808 1195 suum
837 1133 980 1213 detegere
1010 1132 1159 1210 animum,
1188 1130 1269 1196 forta
1298 1150 1367 1196 mea
1396 1130 1543 1208 consilia,
1571 1129 1602 1194 si

224 1244 283 1290 non
307 1223 443 1306 proficua
466 1219 577 1285 saltem
602 1237 662 1283 uon
686 1218 814 1282 obnoxia
838 1220 896 1300 ipsi
914 1218 991 1292 soror
1016 1239 1093 1284 varra
1116 1222 1220 1283 autem
1238 1218 1363 1284 fuerunt
1378 1219 1537 1283 tentativa
1564 1220 1600 1281 et

224 1315 347 1378 tantum
371 1309 526 1393 prioribus
552 1307 707 1389 responsis
731 1325 763 1371 se
789 1307 1003 1372 subtrahebat.
1029 1307 1148 1372 Ultimo
1175 1325 1247 1371 cum
1270 1310 1393 1389 praeter
1417 1324 1507 1371 suam
1525 1306 1600 1388 opi·

228 1402 349 1465 niouem
374 1397 552 1480 suppositae
575 1394 736 1460 citationes
760 1396 792 1458 et
812 1394 933 1460 oblatae
955 1394 1306 1460 insinuationesanullo
1330 1393 1481 1459 tribunali
1506 1411 1598 1458 com·

227 1488 380 1572 parerent,
406 1503 511 1550 verum
536 1484 584 1548 via
606 1483 679 1548 iacti
703 1481 789 1546 nulla
805 1484 928 1564 praevia
943 1501 1054 1548 causae
1070 1482 1246 1565 cognitione
1264 1484 1406 1548 universa
1430 1499 1489 1546 sua
1514 1480 1600 1546 bena

225 1592 409 1655 suorumque
423 1571 654 1636 adhaerentium
667 1571 901 1634 devastarentur
912 1572 944 1635 ot
956 1573 1186 1653 occuparentur,
1200 1570 1246 1635 ira
1262 1589 1297 1636 ae
1310 1569 1411 1634 furore
1425 1586 1600 1633 succensus

223 1662 394 1728 stabilitam
418 1679 472 1743 per
494 1657 768 1723 Buchovvaczlrium
784 1677 853 1722 cum
870 1657 977 1723 'Ilurcis
994 1658 1288 1724 confoederationem
1311 1657 1436 1722 realiter
1458 1654 1600 1738 experiri

222 1749 357 1827 resolvit,
371 1752 402 1812 et
415 1746 593 1812 immediate
608 1745 667 1828 ipsi
682 1745 714 1809 in
728 1744 842 1810 Turcia
854 1747 997 1810 existenti
1010 1745 1199 1829 perscripsit,
1216 1747 1253 1810 ut
1265 1745 1380 1810 Turcaa
1396 1743 1598 1810 continiarios

223 1839 253 1902 iu
278 1835 439 1919 copiosiori
463 1851 600 1912 numero,
624 1851 683 1916 quo
704 1833 817 1897 habere
841 1835 953 1916 potest,
982 1851 1168 1918 congregare
1188 1833 1329 1917 incipiat;
1354 1851 1461 1916 expres
1486 1833 1600 1896 autem

223 1925 327 1991 missit
339 1926 377 1988 ad
389 1923 511 1988 bassam
524 1923 714 1986 Besncnsem
727 1921 759 1985 et
770 1919 988 2001 (laubiensem,
1003 1923 1191 2005 exposcendo
1203 1921 1350 1997 subsidia,
1369 1920 1599 2003 copiarumque

225 2013 430 2089 assistentiae,
455 2009 559 2074 animo
578 2009 746 2074 deliberato
768 2028 800 2074 se
822 2011 930 2074 contra
944 2028 1014 2074 suos
1035 2009 1227 2091 impetitores
1244 2008 1418 2074 omnimode
1434 2007 1600 2072 vindicare

224 2101 313 2178 vella,
329 2098 408 2182 quod
421 2099 453 2163 et
465 2099 547 2162 certe
560 2115 682 2162 summa
694 2114 796 2160 rerum
811 2097 1021 2162 convolutione
1033 2097 1142 2162 fuisset
1155 2098 1366 2163 subsecutum.
1385 2094 1445 2162 Sed
1457 2099 1599 2176 uterque

225 2191 317 2254 bassa
339 2186 561 2252 humanissime
584 2203 617 2249 so
634 2186 819 2248 excusarunt
838 2185 1009 2264 asserendo,
1033 2185 1134 2250 sciunt
1150 2184 1274 2268 quidem
1287 2183 1432 2249 comitem
1449 2181 1599 2246 Zrininm

225 2294 357 2359 suosque
372 2275 540 2338 attinentes
562 2292 580 2336 a
596 2271 811 2354 potentissime
829 2271 997 2336 Turcarum
1019 2273 1205 2355 imperatore
1225 2273 1359 2336 maxima
1374 2270 1602 2335 aestimatione

225 2365 256 2428 in
281 2362 415 2447 gratiam
439 2363 470 2424 et
491 2359 711 2444 protectionem
734 2358 830 2424 fuisse
853 2361 1058 2446 acceptatum,
1082 2362 1221 2424 attamen
1244 2361 1339 2425 donec
1362 2357 1605 2442 Oapigy-Bassa

231 2471 302 2516 cum
325 2448 482 2531 deputatis
506 2447 677 2513 honorariis
700 2448 731 2512 et
754 2447 927 2530 privilegio,
951 2447 1105 2512 assitterif
1117 2467 1208 2531 quem
1225 2447 1364 2522 andiunt,
1383 2445 1467 2510 brevi
1484 2449 1604 2510 ventu·

232 2558 312 2616 rum,
337 2556 397 2602 non
421 2536 638 2619 comparuerit,
663 2534 712 2598 vel
734 2534 858 2599 interim
887 2553 906 2599 a
936 2535 1046 2600 venirio
1077 2535 1212 2599 Budensi
1244 2535 1339 2601 luerit
1362 2533 1602 2610 demandatum,

230 2629 259 2692 iu
284 2626 420 2710 ipsorum
444 2642 534 2706 posse
554 2623 730 2687 nullatenus
746 2625 829 2686 stara
849 2623 1038 2704 postulatam
1058 2623 1234 2706 praestandi
1255 2621 1480 2698 assistentiam,
1498 2619 1602 2684 nibil·

231 2715 352 2779 ominus
388 2712 558 2776 sitantum
587 2710 731 2774 habuerit
758 2712 943 2792 urgentiam,
978 2710 1155 2775 intromitat
1185 2711 1223 2774 ad
1255 2711 1339 2793 ipsos
1375 2707 1474 2774 filium
1499 2725 1599 2771 suum

226 2821 281 2884 pro
306 2800 411 2866 obside
435 2799 467 2862 ct
489 2797 664 2874 securitate,
690 2814 750 2861 non
771 2796 931 2879 negligent
953 2800 1036 2862 omni
1059 2797 1218 2862 celeritate
1238 2797 1270 2863 in
1294 2796 1465 2862 subsidium
1484 2812 1601 2859 accur-

227 2909 306 2967 rere,
338 2906 408 2952 cum
443 2888 507 2951 siue
537 2884 595 2949 hcc
623 2903 684 2949 una
710 2903 746 2948 ex
776 2885 1001 2950 conditionibus
1030 2903 1048 2949 a
1084 2885 1312 2968 Buhovvatnlryo
1351 2881 1514 2966 placidatis
1550 2882 1600 2946 ita

225 2977 358 3042 extaret.
382 2976 417 3039 ln
437 2973 495 3038 hcc
519 2974 665 3055 tempore,
688 2971 816 3037 consilio
849 2974 956 3038 bassae
981 2971 1181 3052 Canisiensis,
1205 2973 1264 3038 fuit
1286 2972 1408 3037 Budam
1430 2969 1599 3051 expeditus

225 3063 350 3148 quidam
373 3059 582 3126 franciscanus
605 3060 701 3124 frater
722 3059 849 3125 Gabriel
871 3061 1017 3126 Thomasi
1044 3063 1198 3126 vocitatus
1221 3063 1258 3126 ob
1281 3059 1412 3125 eundem
1435 3057 1598 3136 ellectum,

226 3171 321 3237 quem
343 3149 568 3214 incontinenter
598 3147 733 3231 quidem,
764 3148 994 3231 quamprimum
1023 3148 1228 3214 conditionem
1251 3146 1396 3213 mittendi
1417 3145 1475 3210 fflii
1497 3145 1598 3210 intel-

224 3241 310 3317 lexit,
332 3257 425 3321 quam
442 3237 518 3302 alias
533 3234 690 3320 praefatus
705 3236 903 3321 Bulrovatzlry
919 3236 1118 3314 subticuerat,
1141 3256 1176 3302 ex
1191 3236 1302 3300 itinere
1317 3252 1458 3300 revocare
1474 3233 1596 3306 voluit;

225 3329 341 3392 Turcae
366 3329 554 3390 autemnon
578 3325 801 3400 concesserunt,
829 3325 866 3388 de
891 3341 949 3406 que
972 3323 1004 3388 in
1032 3323 1211 3388 hodiernum
1241 3323 1324 3388 diem
1353 3321 1439 3387 nulle
1461 3320 1596 3386 ulterior

228 3415 359 3480 habetur
394 3412 514 3476 notitia.
549 3411 685 3478 Tandem
713 3411 812 3493 primo
843 3411 983 3475 deminus
1013 3410 1110 3476 banus
1142 3430 1174 3476 se
1204 3411 1236 3476 in
1268 3411 1411 3476 maximis
1434 3408 1594 3492 angustiis

228 3501 408 3566 intricatum
438 3499 573 3582 reperiit,
606 3500 638 3563 et
667 3516 686 3562 a
716 3498 842 3582 perfidis
871 3497 1080 3563 Bakouatzlrii
1123 3499 1315 3583 aliorumque
1345 3497 1593 3562 lamentatorem

226 3587 363 3654 consiliis
388 3587 477 3670 plane
500 3587 662 3652 seductum
687 3586 822 3670 agnovit,
848 3586 925 3650 unde
949 3586 1097 3650 versando
1121 3585 1202 3651 inter
1225 3605 1312 3669 spem
1341 3587 1374 3650 et
1396 3586 1514 3648 metum
1540 3603 1594 3648 ma

225 3675 380 3741 consulere
398 3675 521 3757 incepit,
544 3674 679 3757 mihique
695 3692 800 3739 omnes
816 3691 887 3737 suas
903 3673 1039 3738 internas
1060 3674 1303 3738 machinationes
1320 3674 1350 3737 in
1365 3672 1446 3737 bunc
1463 3671 1593 3736 modum

224 3762 358 3829 detexit:
384 3762 448 3842 ,Mi
471 3762 632 3826 amantiss.
647 3763 768 3827 domine
780 3761 886 3838 frater,
911 3762 941 3826 iu
954 3761 1125 3843 desperatis
1141 3761 1230 3843 plane
1246 3779 1351 3826 versor
1369 3758 1521 3837 terminis,
1534 3777 1593 3823 nec

225 3853 312 3917 video
329 3849 452 3915 modum
469 3849 610 3914 eliberari
626 3868 731 3932 posse3
749 3868 822 3913 nam
843 3848 903 3934 (1.)
920 3849 1146 3931 quamprimum
1163 3848 1270 3914 abillo
1286 3846 1592 3913 maledictohomina

226 3939 434 4022 Bakouatnlvy
457 3937 568 4002 certior
592 3935 636 4000 fui
660 3937 760 4002 lactus
784 3937 821 4000 de
837 3955 892 4000 sua
910 3936 1043 4001 feliciter
1065 3939 1192 4019 paracta
1207 3936 1417 4019 negotiatione
1434 3937 1466 3999 et
1483 3953 1589 4016 prom·

224 4026 376 4110 ptitudine
401 4024 586 4090 validissimi
603 4025 770 4089 Turcarum
786 4043 941 4100 sucursus,
955 4023 1019 4089 ulla
1034 4025 1099 4088 sine
1118 4023 1363 4089 consideratione
1378 4023 1590 4105 superioribus

225 4113 404 4198 Huugariae
427 4111 566 4193 partibus
596 4111 747 4189 intimavi,
777 4130 815 4174 ne
843 4111 906 4176 ullo
936 4113 1023 4176 modo
1052 4111 1204 4176 caesareis
1228 4111 1399 4176 comiseriis
1421 4109 1516 4175 iidem
1540 4109 1591 4174 val

224 4223 311 4268 aures
335 4200 509 4284 praebeant,
535 4217 640 4262 verum
664 4197 830 4281 postulatis
850 4199 913 4262 auis
936 4199 1091 4265 obstinato
1110 4201 1142 4265 et
1164 4199 1373 4264 inflexibiliter
1395 4197 1588 4274 inhaereant,

224 4291 313 4355 adest
324 4288 406 4354 enim
420 4287 632 4366 commoditas,
650 4288 676 4352 si
693 4306 750 4353 non
764 4287 862 4364 bonis,
880 4288 909 4352 vi
925 4305 1080 4352 armorum
1098 4289 1129 4351 et
1145 4288 1300 4352 mediante
1317 4285 1464 4368 potentia,
1481 4302 1590 4350 omnes

225 4375 424 4460 extorquendi
440 4375 676 4453 satisfactiones
700 4374 830 4440 confinia
847 4375 932 4458 regni
949 4374 1109 4448 dilatandi,
1125 4375 1256 4457 denique
1272 4374 1450 4438 libertatem
1467 4373 1589 4455 patriae

225 4468 256 4530 et
268 4465 426 4548 religionis
437 4463 644 4548 promovendi.
664 4461 830 4546 lusurgant
842 4463 965 4526 tantum
980 4463 1126 4528 audacter
1138 4465 1169 4526 et
1182 4481 1214 4530 se
1226 4463 1308 4526 vinos
1321 4480 1388 4526 esso
1402 4460 1589 4536 ostendaut;

225 4572 283 4617 uon
307 4557 355 4617 est
376 4553 499 4636 tompus
523 4551 748 4634 protractiouis.
773 4549 840 4634 Ego
863 4550 945 4614 enirn
968 4549 1032 4614 iam
1055 4550 1102 4614 ste
1134 4551 1271 4633 paratus,
1295 4551 1328 4614 et
1354 4547 1502 4632 proximis
1522 4546 1588 4612 die·

226 4643 283 4705 bus
297 4639 328 4703 in
344 4641 514 4722 provincias
533 4638 754 4705 haereditarias
767 4656 965 4721 prorumpere
978 4637 1118 4713 intendo;
1137 4637 1207 4702 inde
1222 4655 1338 4714 vereor,
1363 4654 1401 4701 na
1414 4653 1484 4700 mea
1498 4634 1591 4700 insti·

225 4727 348 4812 gatiene
365 4727 511 4789 commoti
528 4726 599 4789 aute
612 4729 734 4808 tempus
750 4725 868 4809 aliquid
884 4725 1068 4792 hostilitatis
1084 4723 1371 4792 contradermanos
1388 4723 1589 4788 tentaverint
