3286 5260
234 326 299 390 340

228 501 328 584 primo
352 499 383 562 iu
407 497 491 562 Julio
514 496 545 560 in
570 515 715 580 campum
737 496 860 579 prodire
884 497 993 572 solent,
1017 498 1177 579 expectare
1193 496 1406 573 intendissem,
1423 497 1477 560 sed
1496 495 1605 559 omnia

227 589 292 652 alto
316 585 439 651 silentio
463 585 674 668 praessissem,
699 584 849 649 simulata
872 584 990 649 interea
1006 603 1129 648 summa
1147 583 1213 660 fide,
1233 603 1328 667 usqua
1345 584 1381 648 ad
1405 583 1607 648 destinatum

231 677 296 740 tem
321 694 366 739 ns.
1106 681 1110 688 '

301 696 366 826 pl.
389 759 650 826 Efficaoissimum
676 760 895 842 argumentum
919 759 975 838 ost,
1000 759 1082 842 quod
1106 759 1193 824 nulla
1216 759 1450 842 praeparatoria
1466 759 1609 834 fecerim,

232 851 351 915 nullum
376 851 594 926 commeatum,
634 867 798 926 annonam,
834 847 1037 911 munitionem
1073 848 1292 922 aut,militem
1337 865 1391 928 pro
1425 846 1609 910 defensione

229 941 320 1005 unius
343 936 404 1000 diei
428 938 684 1018 comparaverim,
710 936 786 998 nulli
812 953 950 999 meorum
986 937 1120 998 dederim
1155 936 1294 999 ordinem
1330 935 1471 998 sumendi
1508 953 1608 1011 arma,

229 1026 349 1090 nullam
372 1041 495 1105 prorsus
519 1025 728 1088 resistentiam
763 1023 900 1099 fecerim,
937 1023 1118 1105 nullamque
1154 1022 1363 1087 hostilitatem
1401 1021 1607 1096 exercuerim,

227 1113 370 1196 quamuis
395 1111 484 1175 miles
510 1111 684 1175 Maiestatis
707 1110 838 1175 Vestrae
863 1109 1030 1175 Caesareae
1056 1111 1104 1174 vix
1125 1112 1164 1175 ad
1186 1111 1207 1174 3
1230 1113 1285 1175 aut
1308 1110 1329 1172 4
1353 1129 1393 1174 m.
1418 1127 1609 1174 annumera-

227 1203 313 1266 retur
336 1200 369 1262 et
390 1199 491 1264 lassus
515 1199 659 1282 nulloque
685 1199 791 1262 ordine
816 1199 997 1262 conveniens
1026 1199 1063 1261 ad
1088 1199 1324 1279 internetionem
1359 1198 1454 1262 deleri
1486 1198 1607 1278 potuis-

227 1294 284 1353 set.
310 1287 426 1350 Filium
448 1287 580 1368 deniqne
605 1288 642 1350 ad
665 1287 814 1350 Vestram
833 1285 1032 1350 Maiestatem
1050 1284 1232 1350 Caesaream
1248 1305 1303 1369 per
1329 1288 1449 1368 patrem
1468 1285 1608 1349 Foratall

228 1377 294 1441 siue
312 1392 398 1438 mora
415 1377 469 1438 aut
485 1375 740 1456 tergiversatione
766 1372 933 1452 miseerim,
956 1374 1227 1456 promisserimque
1251 1373 1351 1438 eidem
1369 1376 1448 1452 patri
1467 1370 1608 1436 Forstall

229 1483 278 1528 me
302 1481 362 1525 una
385 1461 508 1538 ituram,
534 1462 581 1526 vel
604 1461 767 1526 confestim
803 1463 1014 1544 sequuturam,
1039 1463 1280 1544 quotiescunque
1315 1461 1427 1526 Vestra
1452 1460 1604 1525 Caesarea

229 1551 378 1616 Maiestas
400 1548 532 1631 juberet.

335 1639 413 1701 Cum
436 1643 540 1700 tamen
565 1637 642 1701 1111111
666 1637 850 1701 facillimum
875 1636 986 1701 fnisset
1009 1637 1160 1701 divertere
1183 1637 1238 1700 aut
1261 1636 1390 1720 digredi,
1418 1653 1603 1718 quocunque

228 1725 360 1803 luberet,
382 1723 415 1787 iu
449 1725 584 1801 ltaliam,
617 1725 825 1802 Germaniam,
859 1724 1030 1807 ngariam
1061 1726 1117 1788 aut
1149 1725 1303 1800 Turciam,
1339 1725 1371 1788 et
1405 1727 1471 1787 tam
1511 1723 1606 1788 amici

228 1831 322 1896 quam
346 1812 462 1876 inimici
488 1813 547 1877 mei
584 1813 718 1876 multum
751 1813 994 1895 improbaverint
1026 1812 1192 1876 adventurn
1228 1830 1343 1889 meum,
1377 1812 1446 1874 veni
1482 1814 1604 1889 tamen,

228 1900 302 1983 quia
324 1899 439 1964 nullius
464 1900 605 1964 malitiae
628 1900 705 1964 mihi
728 1899 868 1964 conscius
893 1918 987 1963 eram.

333 1988 428 2051 Hisce
452 1989 643 2070 argumentis
668 1989 744 2052 bene
769 1989 935 2068 perpensis,
960 2006 1051 2051 nemo
1073 1990 1120 2051 est
1155 1989 1206 2070 qui
1242 1987 1391 2069 suspicari
1415 1987 1527 2068 possit,
1557 2005 1606 2048 ma

228 2077 361 2142 voluisse
386 2093 404 2138 a
426 2074 487 2138 fide
506 2075 663 2139 Maietatis
681 2073 989 2138 Vestranaesareae
1007 2074 1157 2153 deificare,
1182 2075 1241 2138 nisi
1265 2075 1381 2139 delirus
1395 2075 1446 2149 sit,
1471 2077 1531 2138 aut
1556 2091 1605 2136 me

229 2167 312 2229 certe
336 2162 485 2226 delirasse
509 2163 673 2227 existimet.
697 2163 738 2226 111
759 2162 831 2226 11111
855 2183 871 2225 1
894 2182 926 2227 11
951 2181 1020 2226 mea
1044 2182 1102 2226 non
1125 2163 1290 2226 admodum
1316 2161 1488 2239 videbatur,
1518 2180 1606 2225 meas

229 2254 365 2316 secretas
397 2251 584 2318 intentiones
608 2251 639 2314 iu
663 2251 807 2314 ordiendo
838 2251 895 2314 hoc
929 2252 1152 2332 stratagemate
1185 2250 1324 2332 pluribus
1359 2249 1604 2325 communicare,

229 2338 452 2404 communicavi
475 2341 579 2401 tamen
605 2338 652 2417 iis,
678 2338 788 2418 quibus
811 2337 953 2413 fidebam,
971 2341 1003 2402 et
1023 2357 1153 2420 quorum
1176 2339 1342 2418 intererat3
1366 2340 1462 2402 testes
1481 2338 1606 2400 adduco

227 2426 387 2490 domiuum
414 2425 487 2489 Vioe
511 2427 629 2489 Banum
655 2425 808 2489 Baronem
842 2423 1014 2502 Orechocai,
1048 2423 1606 2490 Β11111111111111111110111111111-

226 2514 323 2591 nium,
349 2513 590 2594 protonotarium
606 2516 638 2578 et
655 2513 878 2578 vice-comitem
902 2511 1040 2577 Oroatiae
1064 2513 1226 2577 Nicolaum
1259 2512 1437 2590 Petachich,
1470 2512 1604 2576 Petrum

225 2601 401 2666 Prassnizlri
417 2619 594 2683 supremum
614 2601 871 2664 tricesimatorem
889 2599 968 2665 Suae
984 2601 1159 2665 Maiestatis
1186 2602 1218 2664 in
1242 2599 1381 2683 Ungaria
1404 2604 1436 2664 et
1459 2600 1605 2664 vioe-co-

227 2689 348 2764 mitem,
372 2705 474 2751 ooram
499 2690 608 2769 quibus
633 2707 681 2751 me
706 2688 907 2770 expectoravi,
932 2706 1081 2766 assotana,
1107 2707 1156 2752 me
1185 2706 1256 2752 cum
1295 2706 1443 2752 consensu
1468 2687 1603 2751 Vestrae

228 2775 406 2840 Maiestatis
423 2773 535 2839 habere
551 2775 854 2858 correspondentiam
869 2793 938 2839 oum
955 2775 1074 2851 Torcis,
1092 2795 1152 2839 non
1176 2777 1212 2840 ad
1230 2775 1328 2839 ullum
1355 2777 1471 2840 malum
1488 2777 1602 2848 finem3

227 2864 412 2944 eosdemque
452 2865 637 2940 assecurari,
673 2863 753 2945 quod
786 2863 963 2927 nullatanus
994 2863 1152 2927 intendam
1187 2881 1254 2927 asse
1288 2863 1425 2946 proditor
1459 2863 1602 2945 patriae,

228 2948 725 3027 autCaesaris1·ebellis;testis
760 2951 802 3014 sit
835 2953 923 3031 pater
957 2949 1101 3029 Forstall,
1137 2971 1228 3032 quem
1268 2970 1337 3016 11111
1378 2951 1539 3015 turbatum
1566 2951 1603 3014 ob

226 3039 306 3103 hauc
330 3039 560 3118 praesumptam
585 3038 783 3102 rebellionem
809 3037 964 3114 vidissem,
990 3039 1068 3103 seria
1092 3043 1123 3102 et
1147 3039 1265 3102 sincera
1291 3058 1429 3102 1111111111
1456 3038 1602 3102 intentio-

227 3145 301 3191 num
325 3126 571 3206 erpectoratioue
594 3146 662 3190 eum
688 3125 805 3190 solatus
836 3144 915 3189 sum.
941 3125 1124 3208 Specialiter
1146 3130 1250 3191 autom
1272 3129 1403 3209 quadarn
1423 3127 1497 3203 vice,
1527 3126 1602 3188 dum

227 3211 386 3294 Orphaeus
410 3213 602 3295 Frangepaui
626 3214 759 3296 plurima
783 3212 1008 3295 praejudiciosa
1032 3233 1048 3278 e
1072 3232 1126 3278 suo
1151 3215 1274 3278 cerebro
1302 3215 1490 3286 diseroissat,
1512 3216 1603 3296 pater

226 3299 363 3365 Forstall
385 3319 556 3364 sermonem
581 3303 768 3382 raasumpsit
791 3303 823 3365 et
844 3301 971 3365 liberius
1002 3302 1168 3384 respondit,
1195 3321 1249 3366 nos
1276 3303 1381 3384 procul
1407 3302 1507 3364 adhuc
1533 3321 1601 3364 esse

227 3388 266 3452 ab
291 3389 354 3452 illis
379 3387 552 3466 chimaeris,
578 3407 653 3469 quas
669 3390 728 3453 sibi
752 3389 982 3471 imaginabatur
998 3387 1227 3471 Frangepanue,
1250 3389 1314 3454 sive
1347 3408 1394 3452 res
1418 3390 1509 3464 serio,
1538 3391 1602 3452 1111

224 3476 293 3559 joco
316 3479 448 3556 agatem
473 3477 497 3539 si
523 3476 683 3540 christiani
708 3494 825 3554 snmus,
858 3477 956 3539 satius
981 3494 1057 3551 esse,
1092 3479 1127 3539 ut
1161 3477 1198 3540 de
1222 3477 1443 3559 compositione
1480 3478 1602 3558 temps-

228 3563 307 3628 stive
339 3565 468 3642 agatur,
502 3568 533 3627 et
564 3564 625 3627 alia
656 3565 743 3645 plura
776 3565 806 3627 in
838 3565 918 3627 hunc
949 3563 1042 3627 finem
1064 3563 1194 3628 addidit.
1225 3565 1403 3645 Replicavit
1437 3562 1601 3645 Orphaeus

228 3648 451 3726 11111111111,
477 3670 626 3715 remnon
660 3650 827 3715 admodum
862 3649 1021 3714 difficilem
1056 3669 1133 3730 esse,
1167 3654 1198 3715 et
1229 3652 1295 3734 jam
1332 3653 1600 3734 praetergressum

229 3755 297 3800 esse
321 3737 422 3799 omnis
446 3737 676 3820 compositionis
700 3738 845 3813 limitem,
868 3756 927 3801 non
948 3756 1015 3802 esse
1029 3738 1214 3803 credendum
1238 3740 1330 3804 verbo
1358 3741 1414 3803 aut
1437 3740 1600 3820 promissis

228 3823 338 3901 Ardae,
375 3826 430 3888 ant
460 3825 700 3901 Germanorum
735 3845 770 3888 111
804 3825 986 3890 necessitate
1010 3843 1083 3908 ergo
1118 3827 1290 3892 faciendam
1328 3845 1394 3892 esse
1429 3827 1601 3900 1111111111

228 3915 302 3976 1111
325 3911 453 3975 dimisso
477 3912 637 3994 colloquio,
664 3931 718 3996 ego
743 3914 868 3977 semotis
892 3913 1018 3976 arbitris
1042 3917 1154 3978 iterum
1178 3917 1354 3979 assecuravi
1377 3916 1500 3996 patrem
1527 3917 1599 3980 For·

229 4000 301 4064 stall
324 3999 360 4062 de
386 4017 453 4062 mea
476 4001 595 4082 optima
618 4003 650 4064 et
673 4001 840 4064 christiana
863 4000 1034 4065 intentione
1063 4019 1175 4084 rogans
1203 4003 1317 4081 tamon,
1342 4006 1378 4065 ut
1398 4022 1452 4083 pro
1476 4003 1525 4066 sui
1551 4021 1599 4065 se·
1633 4055 1634 4058 ,

229 4087 360 4151 caritate
395 4088 515 4150 cautius
550 4093 581 4150 et
614 4088 720 4150 mitius
757 4089 942 4168 loqueretur,
976 4091 1155 4169 praesertim
1192 4108 1295 4154 coram
1331 4089 1380 4167 111,
1405 4108 1483 4172 quos
1515 4091 1601 4154 novit

228 4176 311 4238 male
335 4192 401 4237 esse
424 4173 666 4246 intentionatos;
692 4177 724 4239 et
748 4175 786 4238 ob
811 4175 888 4239 hanc
910 4176 1074 4240 cautelann
1098 4176 1219 4258 aliquot
1255 4177 1363 4240 diebus
1398 4179 1518 4240 dictum
1548 4196 1599 4259 pa·

228 4266 308 4326 trem
335 4261 870 4338 11111111111111111111111111111,
905 4263 937 4325 at
970 4268 1005 4328 ut
1029 4263 1078 4326 vix
1101 4283 1236 4345 unquam
1279 4264 1411 4346 amplius
1436 4270 1598 4346 praesente

229 4348 370 4431 Orphaeo
392 4353 446 4413 aut
469 4352 654 4414 marchione.
683 4350 795 4412 Fateor
820 4351 911 4415 verba
932 4369 1002 4414 mea
1035 4353 1157 4433 prolata
1181 4351 1213 4414 in
1236 4351 1405 4416 thesseram
1439 4352 1597 4417 fidelitalis

228 4438 356 4501 Vestrae
381 4437 555 4501 Maiestatis
578 4455 680 4501 coram
708 4439 790 4518 patre
816 4437 976 4518 Superiora
1008 4439 1171 4504 Societatis
1203 4437 1280 4504 Jesu
1313 4439 1533 4504 Varaediuensi
1567 4450 1596 4503 et

227 4525 393 4588 reverendo
427 4524 549 4588 domiuo
583 4524 734 4590 Canonico
758 4523 938 4606 Heffliuger,
964 4544 1067 4589 coram
1093 4529 1203 4608 quibus
1227 4526 1343 4609 pluries
1378 4528 1507 4607 repetivi
1552 4547 1599 4590 mo

224 4611 326 4694 magis
340 4611 447 4676 timore
460 4612 629 4676 amicitiam
641 4612 820 4686 Turoarum,
835 4631 928 4694 quam
941 4613 1138 4678 inimicitiam
1151 4615 1327 4689 eorundem,
1341 4617 1501 4696 praeterea
1515 4613 1594 4678 mul·

228 4701 276 4768 tas
292 4699 450 4763 evidentes
466 4701 599 4764 rationes
623 4719 676 4764 seu
693 4701 970 4783 comprobationes,
995 4702 1121 4784 scripta,
1152 4701 1246 4782 facta,
1277 4702 1396 4786 prolata
1427 4707 1599 4787 praeterea.
1633 4721 1634 4810 ,
