3246 5266
258 380 323 446 424

260 555 436 638 gebandlet,
470 560 570 643 ainige
604 561 759 626 hostilitet
789 563 943 642 veruebet,
973 563 1037 628 Eur
1069 561 1170 647 Khay.
1206 563 1267 627 und
1300 561 1448 646 Kbbuigl.
1483 559 1590 638 Meest

257 644 379 711 Waffen
402 645 484 712 mich
506 648 673 726 widersezt,
696 651 755 714 mit
778 651 1003 735 obeo-Vugarn
1026 651 1210 729 iuteressirt,
1234 651 1307 715 oder
1337 655 1460 717 sonsten
1495 647 1592 716 airicbc

258 733 437 798 verbottene
472 733 718 818 Correspondenz
739 739 908 822 gepllogen,
932 758 997 804 wan
1019 739 1120 823 gleich
1142 740 1219 804 alles
1260 738 1321 804 und
1350 738 1446 823 jedes,
1480 735 1590 802 wrlcbes

258 838 330 885 man
353 822 513 901 einfdbret,
535 826 564 888 in
590 825 701 889 malam
727 829 847 908 partem
870 827 1089 911 aussgedeutet
1119 827 1237 893 werden
1260 828 1348 904 solte,
1382 846 1415 891 so
1446 835 1536 891 wacn
1565 843 1592 886 es

255 908 330 972 doch
355 909 472 974 laudere
495 913 525 974 in
549 916 620 977 actu
646 915 849 980 remotissimo
884 920 915 979 et
940 935 1023 980 mero
1039 918 1149 980 conatu
1166 914 1338 980 beruhende
1353 916 1461 992 nandi,
1481 915 1518 978 ‹io
1534 911 1591 974 auls

256 995 476 1080 allerwenigist
499 1002 557 1064 mit
580 999 684 1064 heiner
706 1002 841 1068 ordinari
865 1002 963 1068 Strati
983 1003 1159 1085 nubelegen,
1183 1003 1315 1066 sondern
1337 993 1378 1067 ‘in
1411 1022 1477 1068 casr
1505 1001 1592 1082 posito

254 1083 313 1148 mit
324 1085 421 1164 deme,
439 1105 514 1151 wass
527 1088 574 1152 ich
598 1088 762 1154 allberaitb
779 1091 963 1175 elendiglich
984 1092 1124 1174 gelittou,
1141 1091 1335 1174 abgebdsset,
1352 1092 1505 1156 „omnilus
1520 1089 1591 1152 enim

254 1171 375 1256 legibus
398 1174 593 1256 punientibus
617 1176 717 1242 solum
739 1181 893 1258 conatum,
918 1180 1011 1244 etiam
1035 1181 1067 1244 in
1097 1179 1298 1245 atrocissimis
1329 1179 1505 1262 derogatum
1537 1194 1592 1238 esse

255 1279 309 1342 per
328 1263 504 1344 generalem
520 1266 769 1330 consuetudinem
793 1269 1009 1342 contrariam&
1034 1269 1134 1351 inquit
1158 1265 1307 1332 Caberan.
1323 1267 1417 1332 decis.
1437 1265 1487 1328 19.
1514 1284 1540 1328 n.
1567 1265 1591 1326 3.

254 1347 380 1430 Hippel.
406 1349 438 1413 in
457 1350 490 1416 L.
513 1351 565 1434 qui
588 1351 710 1418 falsam.
735 1373 764 1419 n.
789 1353 840 1420 24.
865 1355 896 1421 ff.
921 1355 969 1420 ad.
994 1356 1028 1420 L.
1045 1355 1178 1450 poruell.
1201 1355 1238 1418 de
1259 1355 1328 1419 fals.
1348 1355 1471 1426 ibidem,
1494 1352 1592 1417 coufir-

257 1439 325 1499 mat
347 1435 427 1501 Gaii.
450 1437 488 1502 de
511 1458 586 1521 pace
609 1441 690 1522 publ.
713 1460 781 1525 cap.
810 1444 857 1507 14.
881 1462 910 1507 ιι.
937 1443 965 1507 7.
1000 1443 1086 1524 Quod
1108 1444 1210 1527 ipsum
1238 1443 1332 1506 etiam
1366 1440 1521 1508 laudatum
1552 1441 1591 1501 est

252 1523 285 1587 in
305 1521 374 1606 jure
397 1525 516 1590 divino:
540 1527 637 1593 Lusit.
663 1527 706 1592 24
732 1533 764 1595 et
785 1532 999 1597 Deuteronom.
1026 1531 1076 1597 19.
1103 1532 1175 1616 „qui
1198 1531 1385 1614 percusserit
1403 1531 1435 1592 et
1457 1525 1590 1592 occiderit

255 1611 409 1676 hominem
433 1615 491 1679 etc.
516 1615 541 1678 si
565 1618 633 1698 quis
657 1617 725 1681 odio
748 1619 862 1684 babens
885 1620 1056 1702 proximum
1080 1639 1180 1698 suum,
1205 1618 1367 1683 insidiatus
1395 1615 1490 1680 fuerit
1523 1616 1592 1678 uitae

255 1698 341 1762 illius
365 1719 552 1784 surgensque
568 1707 755 1785 percusserit
777 1726 846 1772 eum
862 1709 921 1772 ete.
947 1708 1002 1789 „ut
1024 1707 1158 1790 proinde,
1176 1707 1228 1772 ubi
1250 1708 1389 1772 conatum
1414 1722 1471 1768 uon
1496 1704 1591 1768 subse

254 1787 359 1869 quitur
382 1787 519 1868 effectus,
543 1809 636 1872 poena
661 1793 770 1858 saltem
794 1795 948 1860 ordinaria
969 1794 1071 1860 locum
1096 1814 1153 1859 uon
1167 1796 1289 1872 habeat,
1307 1793 1356 1860 sci
1373 1792 1505 1874 rigorem
1525 1790 1593 1874 juris

255 1876 394 1956 oporteat
416 1879 587 1960 temperare
611 1899 665 1962 per
687 1900 730 1958 ea,
752 1901 827 1966 quae
851 1884 954 1959 tradit,
980 1881 1144 1965 Speculum
1167 1884 1372 1947 communium
1397 1882 1503 1944 contra
1521 1897 1593 1941 com·

251 1981 360 2116 ffiunes
384 1963 566 2048 Gocphallos
590 1971 654 2032 tom
678 1969 707 2034 2.
732 1968 763 2034 9.
786 1969 861 2035 540,
898 1990 935 2066 ιι.
954 1970 993 2034 18
1018 1971 1069 2035 ubi
1090 1971 1167 2036 citat
1198 1973 1230 2034 et
1244 1969 1381 2054 sequitur
1395 1987 1488 2050 quam
1504 1967 1594 2050 piures

294 2068 338 2117 oe.

357 2140 428 2206 Wie
450 2141 511 2207 dan
543 2142 591 2207 die
614 2144 937 2229 allerunterthenigste
967 2147 1126 2230 Hoffnung
1154 2147 1235 2211 mich
1266 2145 1384 2219 tristet,
1404 2143 1487 2208 liner
1509 2143 1593 2224 Kaps.
1620 2209 1621 2212 ,

254 2227 315 2292 ιιιιι1
336 2228 463 2312 Kdnigl.
487 2230 601 2315 Mayst.
624 2233 746 2299 werden
770 2235 901 2299 nimmer
924 2235 1012 2300 mehr
1035 2235 1144 2311 leiden,
1176 2235 1246 2299 dass
1276 2233 1429 2316 diejenige
1452 2230 1594 2305 Clemens,
1620 2239 1621 2306 j

250 2313 343 2380 deren
366 2317 415 2381 ich
438 2317 564 2383 hiroben
585 2320 616 2400 je
643 2321 703 2385 und
726 2321 847 2386 alleueit
871 2323 952 2388 mich
976 2323 1116 2405 ergeben,
1142 2323 1213 2388 dem
1237 2321 1339 2404 rigori.
1367 2319 1499 2384 welches
1526 2319 1593 2386 ohne

251 2405 320 2468 dass
345 2404 403 2488 bey
425 2404 618 2473 Oesterreich
632 2409 680 2474 uie
696 2410 898 2493 eingelassen,
916 2411 1020 2490 welhe,
1045 2412 1107 2475 und
1130 2410 1184 2474 hin
1199 2411 1257 2474 dan
1276 2410 1371 2473 stehe.
1389 2407 1508 2490 Wegen
1534 2407 1594 2469 dese

254 2510 292 2555 uu
313 2489 454 2575 Agramb
478 2494 625 2560 salvirten
648 2497 817 2578 prorianth,
839 2500 947 2563 desseu
963 2500 1071 2564 hieuou
1086 2499 1117 2562 in
1132 2496 1374 2582 recapitulirung
1390 2497 1443 2560 der
1459 2494 1595 2575 Auhblag

211 2647 216 2662 ¹
252 2577 310 2664 bey
333 2580 391 2646 den
413 2581 533 2648 irinften
555 2586 647 2666 punct
669 2604 830 2670 anregung
851 2585 1032 2665 bescheben,
1056 2587 1127 2668 gibe
1151 2587 1200 2652 ich
1223 2585 1287 2649 dise
1316 2584 1521 2665 erleuterung,
1552 2583 1595 2646 bin

251 2669 330 2732 auch
353 2671 455 2735 solche
478 2671 521 2736 im
545 2671 609 2738 iahl
633 2673 686 2738 dor
702 2673 786 2739 Notb
810 2695 846 2738 zu
869 2674 1014 2740 erucisen
1041 2673 1228 2757 uhrbietbig,
1253 2674 1322 2736 dass
1339 2674 1392 2736 der
1407 2671 1594 2736 Bukowatzli

250 2753 322 2820 oder
345 2759 428 2822 seina
451 2759 538 2824 leutb
570 2759 682 2826 darauf
707 2763 859 2844 gepasset,
891 2764 952 2827 und
980 2762 1252 2846 biuweggnemben
1285 2761 1404 2826 wolton.
1438 2761 1596 2823 auuebenst

249 2842 343 2907 wider
361 2845 443 2910 mich
466 2847 686 2930 geschmdhlet,
711 2851 760 2916 ich
784 2857 863 2914 ware
884 2851 1048 2934 derjenige,
1073 2851 1126 2914 dor
1150 2851 1215 2916 ihre
1246 2849 1437 2931 operationes
1472 2847 1594 2910 zuructb

249 2929 354 3010 hielte,
378 2935 440 2998 und
454 2933 665 3012 rerhinderte;
683 2937 772 3003 derne
795 2938 989 3021 zubegegneu
1006 2940 1054 3004 ioh
1071 2938 1220 3004 hemeltes
1237 2935 1398 3020 proriauth
1415 2956 1451 3000 zu
1467 2934 1594 3017 Agramb

250 3037 328 3083 zuar
351 3017 383 3086 in
407 3021 492 3086 saluo
523 3024 719 3105 angebalten,
750 3025 806 3091 wie
841 3026 960 3092 solches
992 3027 1072 3092 Euer
1105 3025 1207 3110 Kbay.
1241 3025 1299 3090 und
1333 3023 1458 3106 Kbuigl.
1490 3023 1620 3105 nup-st,

249 3105 421 3174 soldatcsca
446 3113 687 3178 unverruclrhter
709 3113 861 3197 geiunden
884 3115 985 3179 haben
1007 3113 1106 3190 uirdt,
1133 3115 1247 3198 darbey
1279 3113 1352 3176 aber
1382 3113 1478 3176 denen
1509 3112 1594 3194 petri·

250 3195 375 3260 nischen
409 3198 504 3264 durch
539 3199 613 3264 eben
642 3201 776 3268 diosclbe
810 3202 993 3266 schdiileutb
1017 3201 1185 3267 heimblioh
1219 3203 1370 3266 andeuten
1407 3201 1519 3272 lassen,
1556 3200 1592 3262 sie
1619 3201 1620 3286 l

248 3282 360 3347 sollten
384 3285 458 3350 umb
475 3286 591 3351 sichero
615 3288 817 3370 Gelegeubeit
838 3290 957 3355 solches
979 3291 1107 3355 hiniiber
1127 3311 1163 3354 uu
1187 3291 1315 3371 bringeri
1332 3288 1398 3352 sich
1416 3287 1594 3363 bema'reheu3

247 3370 311 3435 also
338 3371 447 3438 lreineu
469 3376 609 3458 ainzigen
633 3377 716 3442 loson
741 3377 922 3461 gedanhhen
946 3379 1070 3462 gebabt,
1103 3377 1166 3442 vihl
1194 3379 1328 3460 weniger
1360 3377 1480 3440 melnen
1512 3375 1594 3438 aller·

217 3461 514 3548 ‘undertheuigsteu
537 3461 682 3528 orechten
706 3466 784 3530 nach
806 3465 1014 3550 gesimdtiget,
1049 3468 1166 3533 crimen
1190 3465 1271 3529 enim
1304 3467 1377 3529 tunc
1401 3465 1591 3538 contrahitur,

247 3547 272 3610 si
296 3548 328 3611 et
350 3550 477 3616 nocendi
502 3550 642 3616 uoluntas
678 3551 850 3631 intercedit,
882 3555 913 3618 et
936 3555 1021 3618 dolus
1044 3557 1136 3638 atque
1158 3555 1347 3636 propositum
1369 3553 1528 3617 hominum
1550 3549 1594 3613 de·

246 3634 321 3699 licta
344 3635 569 3720 distinguunt‘.
594 3638 681 3721 (Gaii
714 3641 751 3706 de
775 3660 847 3724 pace
872 3641 983 3723 public.
1008 3641 1062 3706 lib.
1091 3647 1117 3706 1.
1141 3659 1206 3722 cap.
1230 3641 1279 3704 14.
1300 3639 1354 3705 Nr.
1373 3644 1421 3704 ll.

350 3723 398 3788 Ad
414 3729 533 3792 sentum
546 3727 659 3792 lrdnntc
674 3747 751 3794 zwar
763 3729 817 3794 der
828 3729 1006 3813 Anlhlager
1021 3749 1076 3793 aus
1086 3731 1140 3793 der
1154 3729 1366 3810 Bargilischen
1379 3727 1593 3794 Instructionh

247 3811 367 3876 crimen
380 3812 481 3879 laesae
496 3815 670 3882 Maiestatis
690 3817 775 3882 nicht
787 3816 966 3900 emwingen,
979 3819 1050 3901 quia
1061 3820 1109 3884 lex
1119 3818 1185 3883 ideo
1197 3835 1322 3899 poenam
1341 3817 1496 3899 imponere
1509 3817 1590 3878 uetat
1618 3875 1619 3878 ,

247 3898 298 3982 (L.
318 3901 397 3966 unic.
422 3903 488 3967 cod.
503 3903 529 3968 si
549 3904 617 3986 quis
634 3905 811 3987 imperatori
828 3905 985 3988 maledir.)
1010 3905 1086 3972 Cum
1104 3906 1200 3971 bonus
1225 3903 1367 3988 princeps
1391 3904 1503 3986 injuria
1518 3903 1590 3967 adici
1618 3941 1619 3982 ;

246 3991 380 4070 nequeat
403 4009 457 4073 per
480 4009 524 4068 ea,
548 4009 625 4074 quae
648 3993 745 4057 tradit
766 3992 806 4058 ad
827 3994 906 4058 hauc
929 3995 1088 4060 materiam
1133 3992 1217 4058 Zces.
1243 3992 1282 4056 ad
1298 3992 1346 4055 lit.
1370 3992 1402 4056 ff.
1427 3991 1464 4055 ad
1488 3992 1520 4056 L.
1540 3990 1590 4072 jul.
1618 3989 1619 4076 ,

246 4075 368 4159 majest.
406 4079 473 4159 post
507 4097 589 4144 num.
614 4079 644 4144 6.
680 4079 776 4165 Gigas
808 4081 862 4146 lib.
906 4083 931 4146 l.
958 4081 988 4147 9.
1012 4083 1055 4146 40
1089 4083 1129 4147 et.
1152 4083 1200 4146 tot
1222 4080 1273 4145 iol.
1308 4079 1385 4144 mihi
1414 4079 1472 4142 107
1492 4077 1588 4160 Carpe.

249 4164 281 4228 in
306 4183 360 4230 sua
383 4167 479 4247 pract.
504 4166 613 4232 crimin
638 4166 668 4232 9.
692 4169 745 4233 41.
770 4189 799 4232 n.
827 4169 898 4247 ill,
923 4171 975 4235 ubi
998 4170 1074 4236 dicit
1097 4170 1227 4252 rigorem
1242 4170 1376 4234 ueterem
1399 4167 1439 4230 ab
1469 4167 1592 4248 impera·

243 4251 361 4319 toribus
384 4254 563 4333 Theodosio,
587 4255 721 4321 Arcadio
739 4276 775 4322 ex
799 4256 935 4322 Honorio
958 4258 1097 4323 laxatum
1122 4276 1198 4321 esse.
1223 4255 1411 4340 Harpreich:
1436 4255 1474 4319 ad
1497 4253 1587 4319 libi

243 4341 274 4405 in
297 4341 346 4405 tit.
370 4341 407 4405 de
439 4341 522 4424 publ.
545 4342 601 4426 jud
623 4345 652 4424 §-
677 4343 707 4409 3.
730 4364 758 4408 n.
778 4344 832 4411 44.
874 4347 914 4410 lit
936 4345 1000 4412 fere
1023 4365 1127 4411 ornnes
1150 4344 1213 4422 alii,
1237 4365 1256 4410 a
1287 4362 1417 4429 quorum
1450 4341 1590 4415 sententie

242 4447 301 4493 non
327 4431 374 4493 est
392 4429 605 4508 recedendum,
633 4433 764 4497 marimo
780 4452 847 4498 cum
874 4435 942 4498 odia
963 4455 1019 4500 non
1045 4433 1222 4516 amplianda
1238 4434 1291 4497 sed
1315 4430 1543 4514 restringenda,
1565 4433 1591 4490 et

242 4517 272 4580 in
296 4517 477 4599 poenalibus
495 4520 651 4601 benignior
674 4521 716 4586 sit
738 4520 875 4586 facienda
899 4519 1197 4605 interpretatio.Cap
1232 4521 1301 4586 odia
1324 4522 1356 4584 et
1381 4537 1450 4599 cap.
1473 4517 1503 4582 iu
1528 4537 1590 4601 poe

241 4604 288 4668 uis
328 4605 365 4669 de
388 4625 451 4689 reg.
472 4605 552 4690 juris
575 4609 606 4671 in
630 4607 682 4672 ooo
718 4645 760 4655 -
795 4609 915 4674 Weilen
941 4611 1016 4674 aber
1045 4611 1096 4676 ioh
1127 4609 1259 4674 hemeltc
1284 4608 1473 4674 instruction
1496 4607 1590 4671 heines

241 4711 323 4775 wege
349 4693 549 4774 adinventirt,
582 4697 713 4762 sonderu
736 4697 791 4762 auf
809 4697 1011 4780 beuegliobes
1034 4698 1172 4762 Zureden
1195 4698 1250 4764 des
1273 4697 1386 4763 Grafen
1411 4694 1494 4759 Zriui
1527 4711 1590 4760 auss
1617 4697 1618 4784 i

242 4779 358 4843 seinem
382 4779 589 4863 aufgesetzten
615 4782 813 4849 Oroatiscben
837 4786 953 4849 meiner
977 4787 1203 4852 vernombenen
1225 4783 1348 4868 hussag
1370 4789 1494 4866 gembss
1517 4782 1590 4846 bloss
