<?xml version="1.0" encoding="UTF-8"?>
<!DOCTYPE html PUBLIC "-//W3C//DTD XHTML 1.0 Transitional//EN"
    "http://www.w3.org/TR/xhtml1/DTD/xhtml1-transitional.dtd">
<html xmlns="http://www.w3.org/1999/xhtml" xml:lang="en" lang="en">
 <head>
  <title>
</title>
<meta http-equiv="Content-Type" content="text/html;charset=utf-8" />
  <meta name='ocr-system' content='tesseract 3.04.00' />
  <meta name='ocr-capabilities' content='ocr_page ocr_carea ocr_par ocr_line ocrx_word'/>
</head>
<body>
  <div class='ocr_page' id='page_1' title='image "./actaconiuration01umjegoog_0439.png"; bbox 0 0 3246 5266; ppageno 0'>
   <div class='ocr_carea' id='block_1_1' title="bbox 256 319 321 386">
    <p class='ocr_par' dir='ltr' id='par_1_1' title="bbox 256 319 321 386">
     <span class='ocr_line' id='line_1_1' title="bbox 256 319 321 386; baseline 0.031 -2"><span class='ocrx_word' id='word_1_1' title='bbox 256 319 321 386; x_wconf 83' lang='lat'><strong>418</strong></span> 
     </span>
    </p>
   </div>
   <div class='ocr_carea' id='block_1_2' title="bbox 155 473 1607 580">
    <p class='ocr_par' dir='ltr' id='par_1_2' title="bbox 155 445 1616 580">
     <span class='ocr_line' id='line_1_2' title="bbox 155 473 1607 580; baseline -0.001 -20"><span class='ocrx_word' id='word_1_2' title='bbox 155 473 158 478; x_wconf 37' lang='lat'>¹</span> <span class='ocrx_word' id='word_1_3' title='bbox 257 494 413 574; x_wconf 87' lang='lat' dir='ltr'><strong>indicenti,</strong></span> <span class='ocrx_word' id='word_1_4' title='bbox 435 497 489 562; x_wconf 89' lang='lat' dir='ltr'><strong>aut</strong></span> <span class='ocrx_word' id='word_1_5' title='bbox 514 498 585 579; x_wconf 89' lang='lat' dir='ltr'><strong>quia</strong></span> <span class='ocrx_word' id='word_1_6' title='bbox 607 497 685 564; x_wconf 88' lang='grc'><strong>19919</strong></span> <span class='ocrx_word' id='word_1_7' title='bbox 709 500 776 562; x_wconf 91' lang='lat' dir='ltr'><strong>erat</strong></span> <span class='ocrx_word' id='word_1_8' title='bbox 798 497 919 576; x_wconf 86' lang='lat' dir='ltr'><strong>author,</strong></span> <span class='ocrx_word' id='word_1_9' title='bbox 944 497 994 562; x_wconf 89' lang='lat' dir='ltr'><strong>vel</strong></span> <span class='ocrx_word' id='word_1_10' title='bbox 1016 496 1069 562; x_wconf 93' lang='lat' dir='ltr'><strong>ille</strong></span> <span class='ocrx_word' id='word_1_11' title='bbox 1085 515 1139 580; x_wconf 89' lang='lat' dir='ltr'><strong>per</strong></span> <span class='ocrx_word' id='word_1_12' title='bbox 1154 496 1300 580; x_wconf 78' lang='lat' dir='ltr'>ambages</span> <span class='ocrx_word' id='word_1_13' title='bbox 1319 496 1465 562; x_wconf 85' lang='grc'><strong>19919919</strong></span> <span class='ocrx_word' id='word_1_14' title='bbox 1487 497 1607 560; x_wconf 88' lang='lat' dir='ltr'><strong>tantum</strong></span> 
     </span>
    </p>
   </div>
   <div class='ocr_carea' id='block_1_3' title="bbox 251 585 1616 2694">
    <p class='ocr_par' dir='ltr' id='par_1_3' title="bbox 251 585 1616 2694">
     <span class='ocr_line' id='line_1_3' title="bbox 261 585 1609 664; baseline -0.001 -16"><span class='ocrx_word' id='word_1_15' title='bbox 261 585 382 650; x_wconf 89' lang='lat' dir='ltr'><strong>locutus</strong></span> <span class='ocrx_word' id='word_1_16' title='bbox 408 585 473 650; x_wconf 86' lang='lat' dir='ltr'><strong>sit?</strong></span> <span class='ocrx_word' id='word_1_17' title='bbox 500 589 533 650; x_wconf 90' lang='lat' dir='ltr'><strong>et</strong></span> <span class='ocrx_word' id='word_1_18' title='bbox 555 604 615 651; x_wconf 89' lang='lat' dir='ltr'><strong>non</strong></span> <span class='ocrx_word' id='word_1_19' title='bbox 638 585 760 652; x_wconf 88' lang='lat' dir='ltr'><strong>videtur</strong></span> <span class='ocrx_word' id='word_1_20' title='bbox 783 589 921 651; x_wconf 86' lang='lat' dir='ltr'><strong>conscius</strong></span> <span class='ocrx_word' id='word_1_21' title='bbox 945 586 995 651; x_wconf 91' lang='lat' dir='ltr'><strong>hio</strong></span> <span class='ocrx_word' id='word_1_22' title='bbox 1011 605 1086 664; x_wconf 90' lang='lat' dir='ltr'><strong>esse,</strong></span> <span class='ocrx_word' id='word_1_23' title='bbox 1109 604 1177 649; x_wconf 87' lang='lat' dir='ltr'><strong>eum</strong></span> <span class='ocrx_word' id='word_1_24' title='bbox 1194 585 1225 649; x_wconf 94' lang='lat' dir='ltr'><strong>in</strong></span> <span class='ocrx_word' id='word_1_25' title='bbox 1239 585 1424 650; x_wconf 81' lang='lat' dir='ltr'><strong>conscientia</strong></span> <span class='ocrx_word' id='word_1_26' title='bbox 1439 585 1609 660; x_wconf 74' lang='lat' dir='ltr'><strong>nesciverit,</strong></span> 
     </span>
     <span class='ocr_line' id='line_1_4' title="bbox 258 673 1610 776; baseline -0.002 -38"><span class='ocrx_word' id='word_1_27' title='bbox 258 673 321 774; x_wconf 87' lang='lat' dir='ltr'><strong>imo</strong></span> <span class='ocrx_word' id='word_1_28' title='bbox 343 691 404 773; x_wconf 81' lang='grc'><strong>999</strong></span> <span class='ocrx_word' id='word_1_29' title='bbox 427 673 627 774; x_wconf 80' lang='lat' dir='ltr'><strong>crediderit;“</strong></span> <span class='ocrx_word' id='word_1_30' title='bbox 652 677 684 739; x_wconf 90' lang='lat' dir='ltr'><strong>et</strong></span> <span class='ocrx_word' id='word_1_31' title='bbox 706 674 797 758; x_wconf 91' lang='lat' dir='ltr'><strong>paulo</strong></span> <span class='ocrx_word' id='word_1_32' title='bbox 819 676 903 758; x_wconf 88' lang='lat' dir='ltr'><strong>post:</strong></span> <span class='ocrx_word' id='word_1_33' title='bbox 930 673 1037 776; x_wconf 84' lang='lat' dir='ltr'><strong>„Adde</strong></span> <span class='ocrx_word' id='word_1_34' title='bbox 1050 673 1247 774; x_wconf 84' lang='lat' dir='ltr'><strong>quodetiam</strong></span> <span class='ocrx_word' id='word_1_35' title='bbox 1262 674 1398 756; x_wconf 82' lang='lat' dir='ltr'>plerique</span> <span class='ocrx_word' id='word_1_36' title='bbox 1420 675 1610 772; x_wconf 82' lang='lat' dir='ltr'><strong>censuerunt,</strong></span> 
     </span>
     <span class='ocr_line' id='line_1_5' title="bbox 257 759 1610 934; baseline -0.002 -21"><span class='ocrx_word' id='word_1_37' title='bbox 257 759 1610 934; x_wconf 69' lang='grc'><strong>99911991191991,11199111119191991</strong></span> 
     </span>
     <span class='ocr_line' id='line_1_6' title="bbox 256 936 1607 1023; baseline -0.003 -21"><span class='ocrx_word' id='word_1_38' title='bbox 256 936 340 1002; x_wconf 87' lang='grc'><strong>99191</strong></span> <span class='ocrx_word' id='word_1_39' title='bbox 361 939 465 1001; x_wconf 86' lang='lat' dir='ltr'><strong>tamen</strong></span> <span class='ocrx_word' id='word_1_40' title='bbox 491 938 640 1002; x_wconf 89' lang='lat' dir='ltr'><strong>naturalis</strong></span> <span class='ocrx_word' id='word_1_41' title='bbox 664 940 752 1018; x_wconf 85' lang='lat' dir='ltr'><strong>ratio,</strong></span> <span class='ocrx_word' id='word_1_42' title='bbox 778 958 838 1023; x_wconf 87' lang='lat' dir='ltr'><strong>que</strong></span> <span class='ocrx_word' id='word_1_43' title='bbox 862 939 929 1022; x_wconf 90' lang='lat' dir='ltr'><strong>quis</strong></span> <span class='ocrx_word' id='word_1_44' title='bbox 950 957 982 1002; x_wconf 90' lang='grc'><strong>99</strong></span> <span class='ocrx_word' id='word_1_45' title='bbox 1006 941 1112 1022; x_wconf 88' lang='grc'><strong>999919</strong></span> <span class='ocrx_word' id='word_1_46' title='bbox 1135 937 1272 1020; x_wconf 88' lang='grc'><strong>99919919</strong></span> <span class='ocrx_word' id='word_1_47' title='bbox 1296 937 1446 1020; x_wconf 87' lang='lat' dir='ltr'><strong>subjicere</strong></span> <span class='ocrx_word' id='word_1_48' title='bbox 1467 939 1535 1018; x_wconf 84' lang='lat' dir='ltr'><strong>cogi</strong></span> <span class='ocrx_word' id='word_1_49' title='bbox 1553 955 1607 1000; x_wconf 91' lang='lat' dir='ltr'><strong>non</strong></span> 
     </span>
     <span class='ocr_line' id='line_1_7' title="bbox 255 1023 1610 1110; baseline -0.003 -20"><span class='ocrx_word' id='word_1_50' title='bbox 255 1025 377 1090; x_wconf 82' lang='lat' dir='ltr'><strong>debet.⁴‘</strong></span> <span class='ocrx_word' id='word_1_51' title='bbox 405 1023 697 1108; x_wconf 71' lang='grc'><strong>(09999919101999</strong></span> <span class='ocrx_word' id='word_1_52' title='bbox 723 1027 776 1093; x_wconf 90' lang='lat' dir='ltr'><strong>lib.</strong></span> <span class='ocrx_word' id='word_1_53' title='bbox 800 1027 831 1092; x_wconf 82' lang='lat'><strong>5.</strong></span> <span class='ocrx_word' id='word_1_54' title='bbox 855 1025 883 1110; x_wconf 65' lang='grc' dir='ltr'><strong>ξ.</strong></span> <span class='ocrx_word' id='word_1_55' title='bbox 908 1026 953 1091; x_wconf 87' lang='grc'><strong>191</strong></span> <span class='ocrx_word' id='word_1_56' title='bbox 978 1026 1008 1091; x_wconf 90' lang='lat'><strong>9.</strong></span> <span class='ocrx_word' id='word_1_57' title='bbox 1033 1025 1086 1092; x_wconf 82' lang='grc'><strong>87.</strong></span> <span class='ocrx_word' id='word_1_58' title='bbox 1119 1045 1195 1090; x_wconf 89' lang='grc'><strong>9999.</strong></span> <span class='ocrx_word' id='word_1_59' title='bbox 1221 1025 1344 1106; x_wconf 86' lang='grc'><strong>9991199</strong></span> <span class='ocrx_word' id='word_1_60' title='bbox 1372 1025 1420 1089; x_wconf 87' lang='grc'><strong>991</strong></span> <span class='ocrx_word' id='word_1_61' title='bbox 1436 1029 1558 1088; x_wconf 59' lang='lat' dir='ltr'><strong>mutum</strong></span> <span class='ocrx_word' id='word_1_62' title='bbox 1583 1029 1610 1086; x_wconf 84' lang='lat' dir='ltr'><strong>et</strong></span> 
     </span>
     <span class='ocr_line' id='line_1_8' title="bbox 257 1111 1608 1199; baseline -0.005 -19"><span class='ocrx_word' id='word_1_63' title='bbox 257 1116 363 1180; x_wconf 83' lang='lat' dir='ltr'><strong>Peren.</strong></span> <span class='ocrx_word' id='word_1_64' title='bbox 386 1114 417 1177; x_wconf 92' lang='grc'><strong>19</strong></span> <span class='ocrx_word' id='word_1_65' title='bbox 441 1115 505 1179; x_wconf 91' lang='lat' dir='ltr'><strong>cod.</strong></span> <span class='ocrx_word' id='word_1_66' title='bbox 526 1114 575 1179; x_wconf 92' lang='lat' dir='ltr'><strong>tit.</strong></span> <span class='ocrx_word' id='word_1_67' title='bbox 600 1115 638 1179; x_wconf 89' lang='lat' dir='ltr'><strong>ad</strong></span> <span class='ocrx_word' id='word_1_68' title='bbox 661 1116 695 1179; x_wconf 87' lang='lat' dir='ltr'><strong>L.</strong></span> <span class='ocrx_word' id='word_1_69' title='bbox 716 1115 773 1199; x_wconf 76' lang='grc'><strong>191.</strong></span> <span class='ocrx_word' id='word_1_70' title='bbox 792 1115 917 1198; x_wconf 80' lang='lat' dir='ltr'><strong>MaJest.</strong></span> <span class='ocrx_word' id='word_1_71' title='bbox 939 1134 967 1179; x_wconf 93' lang='lat' dir='ltr'><strong>n.</strong></span> <span class='ocrx_word' id='word_1_72' title='bbox 989 1114 1029 1178; x_wconf 90' lang='lat' dir='ltr'><strong>lO</strong></span> <span class='ocrx_word' id='word_1_73' title='bbox 1051 1115 1083 1180; x_wconf 91' lang='grc'><strong>91</strong></span> <span class='ocrx_word' id='word_1_74' title='bbox 1108 1114 1155 1176; x_wconf 90' lang='grc'><strong>12.</strong></span> <span class='ocrx_word' id='word_1_75' title='bbox 1181 1112 1254 1178; x_wconf 87' lang='grc'><strong>1999.</strong></span> <span class='ocrx_word' id='word_1_76' title='bbox 1272 1113 1302 1178; x_wconf 86' lang='lat' dir='ltr'><strong>ff.</strong></span> <span class='ocrx_word' id='word_1_77' title='bbox 1321 1113 1426 1178; x_wconf 87' lang='lat' dir='ltr'><strong>eodem</strong></span> <span class='ocrx_word' id='word_1_78' title='bbox 1445 1115 1495 1176; x_wconf 86' lang='lat' dir='ltr'><strong>tit.</strong></span> <span class='ocrx_word' id='word_1_79' title='bbox 1525 1132 1560 1174; x_wconf 92' lang='lat' dir='ltr'><strong>n:</strong></span> <span class='ocrx_word' id='word_1_80' title='bbox 1575 1111 1608 1173; x_wconf 85' lang='lat'><strong>13</strong></span> 
     </span>
     <span class='ocr_line' id='line_1_9' title="bbox 255 1200 1609 1287; baseline -0.004 -20"><span class='ocrx_word' id='word_1_81' title='bbox 255 1201 308 1267; x_wconf 92' lang='lat' dir='ltr'><strong>ubi</strong></span> <span class='ocrx_word' id='word_1_82' title='bbox 321 1200 437 1286; x_wconf 84' lang='lat' dir='ltr'><strong>allegat</strong></span> <span class='ocrx_word' id='word_1_83' title='bbox 449 1201 536 1266; x_wconf 87' lang='lat' dir='ltr'><strong>Bald.</strong></span> <span class='ocrx_word' id='word_1_84' title='bbox 547 1203 578 1266; x_wconf 93' lang='lat' dir='ltr'><strong>in</strong></span> <span class='ocrx_word' id='word_1_85' title='bbox 591 1202 729 1282; x_wconf 91' lang='lat' dir='ltr'><strong>consilio,</strong></span> <span class='ocrx_word' id='word_1_86' title='bbox 743 1204 822 1287; x_wconf 91' lang='lat' dir='ltr'><strong>quod</strong></span> <span class='ocrx_word' id='word_1_87' title='bbox 835 1202 944 1285; x_wconf 78' lang='lat' dir='ltr'><strong>incipit</strong></span> <span class='ocrx_word' id='word_1_88' title='bbox 963 1203 1174 1285; x_wconf 84' lang='lat' dir='ltr'><strong>,quanquam“</strong></span> <span class='ocrx_word' id='word_1_89' title='bbox 1196 1202 1338 1284; x_wconf 87' lang='lat' dir='ltr'><strong>allegata</strong></span> <span class='ocrx_word' id='word_1_90' title='bbox 1355 1201 1475 1265; x_wconf 85' lang='lat' dir='ltr'><strong>Roland</strong></span> <span class='ocrx_word' id='word_1_91' title='bbox 1490 1201 1510 1263; x_wconf 77' lang='lat' dir='ltr'><strong>a</strong></span> <span class='ocrx_word' id='word_1_92' title='bbox 1525 1200 1609 1265; x_wconf 87' lang='lat' dir='ltr'><strong>Velle</strong></span> 
     </span>
     <span class='ocr_line' id='line_1_10' title="bbox 257 1289 1616 1356; baseline -0.004 -2"><span class='ocrx_word' id='word_1_93' title='bbox 257 1289 317 1355; x_wconf 87' lang='grc'><strong>991.</strong></span> <span class='ocrx_word' id='word_1_94' title='bbox 342 1291 372 1354; x_wconf 93' lang='grc'><strong>2.</strong></span> <span class='ocrx_word' id='word_1_95' title='bbox 397 1307 479 1354; x_wconf 90' lang='lat' dir='ltr'><strong>cons.</strong></span> <span class='ocrx_word' id='word_1_96' title='bbox 504 1289 556 1355; x_wconf 87' lang='grc'><strong>65.</strong></span> <span class='ocrx_word' id='word_1_97' title='bbox 581 1291 620 1355; x_wconf 87' lang='grc' dir='ltr'><strong>Ν.</strong></span> <span class='ocrx_word' id='word_1_98' title='bbox 645 1291 687 1355; x_wconf 89' lang='grc'><strong>35</strong></span> <span class='ocrx_word' id='word_1_99' title='bbox 711 1290 817 1356; x_wconf 89' lang='grc'><strong>9136.</strong></span> <span class='ocrx_word' id='word_1_100' title='bbox 841 1291 894 1356; x_wconf 93' lang='lat' dir='ltr'><strong>uhi</strong></span> <span class='ocrx_word' id='word_1_101' title='bbox 919 1291 1021 1355; x_wconf 87' lang='lat' dir='ltr'><strong>dictus</strong></span> <span class='ocrx_word' id='word_1_102' title='bbox 1054 1291 1209 1356; x_wconf 86' lang='lat' dir='ltr'><strong>Rolandus</strong></span> <span class='ocrx_word' id='word_1_103' title='bbox 1238 1290 1331 1353; x_wconf 90' lang='lat' dir='ltr'><strong>aliam</strong></span> <span class='ocrx_word' id='word_1_104' title='bbox 1354 1292 1407 1353; x_wconf 82' lang='lat' dir='ltr'><strong>dat</strong></span> <span class='ocrx_word' id='word_1_105' title='bbox 1440 1290 1616 1352; x_wconf 71' lang='lat' dir='ltr'><strong>rationem:</strong></span> 
     </span>
     <span class='ocr_line' id='line_1_11' title="bbox 255 1375 1605 1462; baseline -0.004 -20"><span class='ocrx_word' id='word_1_106' title='bbox 255 1380 327 1461; x_wconf 86' lang='lat' dir='ltr'><strong>quia</strong></span> <span class='ocrx_word' id='word_1_107' title='bbox 349 1380 444 1443; x_wconf 90' lang='lat' dir='ltr'><strong>honus</strong></span> <span class='ocrx_word' id='word_1_108' title='bbox 466 1379 521 1456; x_wconf 84' lang='lat' dir='ltr'><strong>vir,</strong></span> <span class='ocrx_word' id='word_1_109' title='bbox 546 1377 587 1457; x_wconf 93' lang='lat' dir='ltr'><strong>id,</strong></span> <span class='ocrx_word' id='word_1_110' title='bbox 610 1381 692 1460; x_wconf 93' lang='lat' dir='ltr'><strong>quod</strong></span> <span class='ocrx_word' id='word_1_111' title='bbox 715 1379 774 1444; x_wconf 89' lang='lat' dir='ltr'><strong>scit</strong></span> <span class='ocrx_word' id='word_1_112' title='bbox 797 1399 829 1444; x_wconf 93' lang='lat' dir='ltr'><strong>se</strong></span> <span class='ocrx_word' id='word_1_113' title='bbox 852 1379 980 1462; x_wconf 90' lang='lat' dir='ltr'><strong>probare</strong></span> <span class='ocrx_word' id='word_1_114' title='bbox 1011 1397 1069 1442; x_wconf 95' lang='lat' dir='ltr'><strong>non</strong></span> <span class='ocrx_word' id='word_1_115' title='bbox 1100 1396 1199 1461; x_wconf 89' lang='lat' dir='ltr'><strong>posse,</strong></span> <span class='ocrx_word' id='word_1_116' title='bbox 1228 1377 1321 1441; x_wconf 90' lang='lat' dir='ltr'><strong>debet</strong></span> <span class='ocrx_word' id='word_1_117' title='bbox 1343 1376 1506 1459; x_wconf 78' lang='lat' dir='ltr'><strong>tacere)“..</strong></span> <span class='ocrx_word' id='word_1_118' title='bbox 1526 1375 1605 1440; x_wconf 90' lang='lat' dir='ltr'><strong>Noch</strong></span> 
     </span>
     <span class='ocr_line' id='line_1_12' title="bbox 255 1462 1604 1552; baseline -0.004 -23"><span class='ocrx_word' id='word_1_119' title='bbox 255 1464 480 1531; x_wconf 84' lang='lat' dir='ltr'><strong>ausfhhrlieher</strong></span> <span class='ocrx_word' id='word_1_120' title='bbox 516 1467 570 1530; x_wconf 92' lang='lat' dir='ltr'><strong>der</strong></span> <span class='ocrx_word' id='word_1_121' title='bbox 592 1465 736 1550; x_wconf 80' lang='lat' dir='ltr'><strong>Mynsig:</strong></span> <span class='ocrx_word' id='word_1_122' title='bbox 771 1465 1072 1552; x_wconf 76' lang='grc'><strong>(0991591942</strong></span> <span class='ocrx_word' id='word_1_123' title='bbox 1106 1487 1134 1530; x_wconf 90' lang='grc'><strong>9.</strong></span> <span class='ocrx_word' id='word_1_124' title='bbox 1156 1466 1191 1549; x_wconf 82' lang='grc'><strong>4)</strong></span> <span class='ocrx_word' id='word_1_125' title='bbox 1216 1465 1276 1528; x_wconf 91' lang='grc'><strong>991</strong></span> <span class='ocrx_word' id='word_1_126' title='bbox 1300 1484 1377 1529; x_wconf 86' lang='lat' dir='ltr'><strong>zuar</strong></span> <span class='ocrx_word' id='word_1_127' title='bbox 1399 1465 1539 1546; x_wconf 87' lang='lat' dir='ltr'><strong>opposite</strong></span> <span class='ocrx_word' id='word_1_128' title='bbox 1571 1462 1604 1525; x_wconf 89' lang='lat' dir='ltr'><strong>ad</strong></span> 
     </span>
     <span class='ocr_line' id='line_1_13' title="bbox 255 1553 1609 1637; baseline -0.002 -20"><span class='ocrx_word' id='word_1_129' title='bbox 255 1572 319 1617; x_wconf 87' lang='lat' dir='ltr'><strong>rem</strong></span> <span class='ocrx_word' id='word_1_130' title='bbox 344 1571 444 1617; x_wconf 89' lang='lat' dir='ltr'><strong>meam</strong></span> <span class='ocrx_word' id='word_1_131' title='bbox 468 1553 499 1617; x_wconf 93' lang='grc'><strong>19</strong></span> <span class='ocrx_word' id='word_1_132' title='bbox 522 1555 597 1618; x_wconf 87' lang='lat' dir='ltr'><strong>haec</strong></span> <span class='ocrx_word' id='word_1_133' title='bbox 617 1553 778 1619; x_wconf 82' lang='lat' dir='ltr'><strong>formalia:</strong></span> <span class='ocrx_word' id='word_1_134' title='bbox 798 1555 870 1636; x_wconf 84' lang='lat' dir='ltr'><strong>„elii</strong></span> <span class='ocrx_word' id='word_1_135' title='bbox 894 1575 963 1620; x_wconf 90' lang='lat' dir='ltr'><strong>vero</strong></span> <span class='ocrx_word' id='word_1_136' title='bbox 986 1557 1120 1631; x_wconf 89' lang='lat' dir='ltr'><strong>censent,</strong></span> <span class='ocrx_word' id='word_1_137' title='bbox 1145 1556 1169 1618; x_wconf 92' lang='lat' dir='ltr'><strong>si</strong></span> <span class='ocrx_word' id='word_1_138' title='bbox 1194 1555 1262 1637; x_wconf 86' lang='lat' dir='ltr'><strong>quis</strong></span> <span class='ocrx_word' id='word_1_139' title='bbox 1285 1559 1400 1618; x_wconf 91' lang='lat' dir='ltr'><strong>secreto</strong></span> <span class='ocrx_word' id='word_1_140' title='bbox 1423 1553 1519 1617; x_wconf 86' lang='lat' dir='ltr'><strong>talem</strong></span> <span class='ocrx_word' id='word_1_141' title='bbox 1535 1553 1609 1614; x_wconf 90' lang='grc'><strong>1999-</strong></span> 
     </span>
     <span class='ocr_line' id='line_1_14' title="bbox 255 1639 1616 1724; baseline -0.003 -19"><span class='ocrx_word' id='word_1_142' title='bbox 255 1644 356 1706; x_wconf 90' lang='lat' dir='ltr'><strong>tatum</strong></span> <span class='ocrx_word' id='word_1_143' title='bbox 380 1643 565 1724; x_wconf 62' lang='grc'><strong>9919199919</strong></span> <span class='ocrx_word' id='word_1_144' title='bbox 598 1642 627 1706; x_wconf 90' lang='grc'><strong>91</strong></span> <span class='ocrx_word' id='word_1_145' title='bbox 650 1645 767 1706; x_wconf 87' lang='lat' dir='ltr'><strong>secreto</strong></span> <span class='ocrx_word' id='word_1_146' title='bbox 799 1661 834 1707; x_wconf 91' lang='lat' dir='ltr'><strong>ac</strong></span> <span class='ocrx_word' id='word_1_147' title='bbox 867 1644 924 1708; x_wconf 89' lang='lat' dir='ltr'><strong>sub</strong></span> <span class='ocrx_word' id='word_1_148' title='bbox 958 1643 1018 1708; x_wconf 85' lang='lat' dir='ltr'><strong>fide</strong></span> <span class='ocrx_word' id='word_1_149' title='bbox 1053 1641 1147 1708; x_wconf 89' lang='lat' dir='ltr'><strong>fuerit</strong></span> <span class='ocrx_word' id='word_1_150' title='bbox 1180 1641 1341 1720; x_wconf 86' lang='lat' dir='ltr'><strong>revelatus,</strong></span> <span class='ocrx_word' id='word_1_151' title='bbox 1377 1645 1410 1705; x_wconf 93' lang='grc'><strong>91</strong></span> <span class='ocrx_word' id='word_1_152' title='bbox 1441 1643 1487 1705; x_wconf 88' lang='grc'><strong>919</strong></span> <span class='ocrx_word' id='word_1_153' title='bbox 1525 1639 1616 1702; x_wconf 88' lang='lat' dir='ltr'><strong>illum</strong></span> 
     </span>
     <span class='ocr_line' id='line_1_15' title="bbox 253 1727 1616 1813; baseline -0.004 -19"><span class='ocrx_word' id='word_1_154' title='bbox 253 1730 336 1794; x_wconf 88' lang='lat' dir='ltr'><strong>certe</strong></span> <span class='ocrx_word' id='word_1_155' title='bbox 358 1727 465 1795; x_wconf 88' lang='lat' dir='ltr'><strong>docere</strong></span> <span class='ocrx_word' id='word_1_156' title='bbox 488 1732 629 1812; x_wconf 89' lang='lat' dir='ltr'><strong>nequeat,</strong></span> <span class='ocrx_word' id='word_1_157' title='bbox 669 1732 770 1813; x_wconf 90' lang='lat' dir='ltr'><strong>ipsum</strong></span> <span class='ocrx_word' id='word_1_158' title='bbox 794 1750 852 1794; x_wconf 92' lang='grc'><strong>999</strong></span> <span class='ocrx_word' id='word_1_159' title='bbox 876 1731 974 1795; x_wconf 85' lang='grc'><strong>199991</strong></span> <span class='ocrx_word' id='word_1_160' title='bbox 1005 1731 1044 1794; x_wconf 87' lang='grc'><strong>91</strong></span> <span class='ocrx_word' id='word_1_161' title='bbox 1076 1730 1286 1806; x_wconf 82' lang='grc'><strong>9999199199,</strong></span> <span class='ocrx_word' id='word_1_162' title='bbox 1322 1731 1395 1812; x_wconf 90' lang='lat' dir='ltr'><strong>quia</strong></span> <span class='ocrx_word' id='word_1_163' title='bbox 1424 1729 1456 1792; x_wconf 92' lang='lat' dir='ltr'><strong>in</strong></span> <span class='ocrx_word' id='word_1_164' title='bbox 1489 1727 1616 1791; x_wconf 78' lang='lat' dir='ltr'><strong>defectu</strong></span> 
     </span>
     <span class='ocr_line' id='line_1_16' title="bbox 253 1816 1604 1902; baseline -0.004 -21"><span class='ocrx_word' id='word_1_165' title='bbox 253 1818 441 1900; x_wconf 85' lang='lat' dir='ltr'><strong>probationis</strong></span> <span class='ocrx_word' id='word_1_166' title='bbox 465 1817 668 1898; x_wconf 80' lang='lat' dir='ltr'><strong>subjiceretur</strong></span> <span class='ocrx_word' id='word_1_167' title='bbox 690 1818 863 1883; x_wconf 78' lang='lat' dir='ltr'><strong>carceribus</strong></span> <span class='ocrx_word' id='word_1_168' title='bbox 886 1818 934 1884; x_wconf 90' lang='grc'><strong>991</strong></span> <span class='ocrx_word' id='word_1_169' title='bbox 968 1822 1103 1884; x_wconf 85' lang='lat' dir='ltr'><strong>torturae</strong></span> <span class='ocrx_word' id='word_1_170' title='bbox 1138 1837 1251 1901; x_wconf 87' lang='lat' dir='ltr'><strong>poenae</strong></span> <span class='ocrx_word' id='word_1_171' title='bbox 1286 1817 1332 1902; x_wconf 86' lang='lat' dir='ltr'><strong>(L.</strong></span> <span class='ocrx_word' id='word_1_172' title='bbox 1358 1818 1387 1880; x_wconf 90' lang='lat'><strong>3.</strong></span> <span class='ocrx_word' id='word_1_173' title='bbox 1413 1818 1542 1882; x_wconf 81' lang='grc'><strong>99191</strong></span> <span class='ocrx_word' id='word_1_174' title='bbox 1575 1816 1604 1878; x_wconf 84' lang='grc'><strong>1.</strong></span> 
     </span>
     <span class='ocr_line' id='line_1_17' title="bbox 253 1904 1616 1992; baseline -0.002 -23"><span class='ocrx_word' id='word_1_175' title='bbox 253 1905 309 1988; x_wconf 91' lang='lat' dir='ltr'><strong>jul.</strong></span> <span class='ocrx_word' id='word_1_176' title='bbox 332 1905 471 1990; x_wconf 83' lang='lat' dir='ltr'><strong>Majest).</strong></span> <span class='ocrx_word' id='word_1_177' title='bbox 496 1905 593 1970; x_wconf 91' lang='lat' dir='ltr'><strong>Nemo</strong></span> <span class='ocrx_word' id='word_1_178' title='bbox 617 1909 720 1971; x_wconf 89' lang='lat' dir='ltr'><strong>autem</strong></span> <span class='ocrx_word' id='word_1_179' title='bbox 744 1904 857 1991; x_wconf 85' lang='lat' dir='ltr'><strong>(adhuc</strong></span> <span class='ocrx_word' id='word_1_180' title='bbox 880 1909 952 1971; x_wconf 91' lang='lat' dir='ltr'><strong>sunt</strong></span> <span class='ocrx_word' id='word_1_181' title='bbox 983 1909 1075 1972; x_wconf 87' lang='lat' dir='ltr'><strong>verba</strong></span> <span class='ocrx_word' id='word_1_182' title='bbox 1108 1906 1267 1992; x_wconf 77' lang='lat' dir='ltr'><strong>Myrsing)</strong></span> <span class='ocrx_word' id='word_1_183' title='bbox 1297 1907 1432 1970; x_wconf 86' lang='grc'><strong>99991999</strong></span> <span class='ocrx_word' id='word_1_184' title='bbox 1465 1905 1616 1980; x_wconf 65' lang='lat' dir='ltr'><strong>obnoxius,</strong></span> 
     </span>
     <span class='ocr_line' id='line_1_18' title="bbox 253 1993 1616 2077; baseline -0.004 -19"><span class='ocrx_word' id='word_1_185' title='bbox 253 1995 310 2071; x_wconf 87' lang='lat' dir='ltr'><strong>est,</strong></span> <span class='ocrx_word' id='word_1_186' title='bbox 335 1993 455 2076; x_wconf 90' lang='lat' dir='ltr'><strong>quando</strong></span> <span class='ocrx_word' id='word_1_187' title='bbox 476 1993 618 2059; x_wconf 75' lang='lat' dir='ltr'><strong>imminet</strong></span> <span class='ocrx_word' id='word_1_188' title='bbox 638 1995 810 2077; x_wconf 90' lang='lat' dir='ltr'><strong>periculum</strong></span> <span class='ocrx_word' id='word_1_189' title='bbox 833 1996 864 2059; x_wconf 93' lang='lat' dir='ltr'><strong>in</strong></span> <span class='ocrx_word' id='word_1_190' title='bbox 887 2013 998 2077; x_wconf 88' lang='lat' dir='ltr'><strong>corpus</strong></span> <span class='ocrx_word' id='word_1_191' title='bbox 1021 2014 1120 2072; x_wconf 92' lang='lat' dir='ltr'><strong>suum,</strong></span> <span class='ocrx_word' id='word_1_192' title='bbox 1148 1997 1179 2060; x_wconf 90' lang='lat' dir='ltr'><strong>et</strong></span> <span class='ocrx_word' id='word_1_193' title='bbox 1201 1995 1258 2058; x_wconf 92' lang='lat' dir='ltr'><strong>hoe</strong></span> <span class='ocrx_word' id='word_1_194' title='bbox 1282 1993 1364 2058; x_wconf 91' lang='lat' dir='ltr'><strong>idem</strong></span> <span class='ocrx_word' id='word_1_195' title='bbox 1387 1994 1480 2058; x_wconf 89' lang='lat' dir='ltr'><strong>nimis</strong></span> <span class='ocrx_word' id='word_1_196' title='bbox 1504 1993 1616 2057; x_wconf 85' lang='lat' dir='ltr'><strong>atsur-³</strong></span> 
     </span>
     <span class='ocr_line' id='line_1_19' title="bbox 254 2080 1616 2166; baseline 0.003 -22"><span class='ocrx_word' id='word_1_197' title='bbox 254 2081 329 2145; x_wconf 91' lang='lat' dir='ltr'><strong>dum</strong></span> <span class='ocrx_word' id='word_1_198' title='bbox 353 2081 448 2146; x_wconf 83' lang='lat' dir='ltr'><strong>lore“.</strong></span> <span class='ocrx_word' id='word_1_199' title='bbox 473 2080 602 2162; x_wconf 85' lang='lat' dir='ltr'><strong>(Statuit</strong></span> <span class='ocrx_word' id='word_1_200' title='bbox 625 2081 720 2166; x_wconf 81' lang='lat' dir='ltr'><strong>Gigas</strong></span> <span class='ocrx_word' id='word_1_201' title='bbox 746 2083 784 2148; x_wconf 93' lang='lat' dir='ltr'><strong>de</strong></span> <span class='ocrx_word' id='word_1_202' title='bbox 806 2085 894 2147; x_wconf 87' lang='lat' dir='ltr'><strong>crim:</strong></span> <span class='ocrx_word' id='word_1_203' title='bbox 922 2084 1023 2148; x_wconf 85' lang='grc'><strong>199999</strong></span> <span class='ocrx_word' id='word_1_204' title='bbox 1046 2083 1234 2166; x_wconf 88' lang='lat' dir='ltr'><strong>Majestatis.</strong></span> <span class='ocrx_word' id='word_1_205' title='bbox 1258 2084 1338 2164; x_wconf 90' lang='lat' dir='ltr'><strong>post.</strong></span> <span class='ocrx_word' id='word_1_206' title='bbox 1363 2081 1416 2145; x_wconf 91' lang='lat' dir='ltr'><strong>lib.</strong></span> <span class='ocrx_word' id='word_1_207' title='bbox 1449 2082 1470 2143; x_wconf 92' lang='grc'><strong>2</strong></span> <span class='ocrx_word' id='word_1_208' title='bbox 1495 2084 1533 2144; x_wconf 91' lang='lat' dir='ltr'><strong>de</strong></span> <span class='ocrx_word' id='word_1_209' title='bbox 1545 2080 1616 2162; x_wconf 76' lang='lat' dir='ltr'><strong>plu-3</strong></span> 
     </span>
     <span class='ocr_line' id='line_1_20' title="bbox 254 2167 1607 2256; baseline -0.004 -22"><span class='ocrx_word' id='word_1_210' title='bbox 254 2169 339 2234; x_wconf 91' lang='lat' dir='ltr'><strong>ribus</strong></span> <span class='ocrx_word' id='word_1_211' title='bbox 369 2171 401 2234; x_wconf 91' lang='lat' dir='ltr'><strong>et</strong></span> <span class='ocrx_word' id='word_1_212' title='bbox 423 2171 515 2236; x_wconf 92' lang='lat' dir='ltr'><strong>variis</strong></span> <span class='ocrx_word' id='word_1_213' title='bbox 538 2171 768 2253; x_wconf 90' lang='lat' dir='ltr'><strong>quaestionibus</strong></span> <span class='ocrx_word' id='word_1_214' title='bbox 791 2173 883 2256; x_wconf 85' lang='lat' dir='ltr'><strong>yshee</strong></span> <span class='ocrx_word' id='word_1_215' title='bbox 911 2175 950 2234; x_wconf 85' lang='grc'><strong>12</strong></span> <span class='ocrx_word' id='word_1_216' title='bbox 973 2191 1002 2236; x_wconf 92' lang='lat' dir='ltr'><strong>n.</strong></span> <span class='ocrx_word' id='word_1_217' title='bbox 1030 2171 1049 2233; x_wconf 89' lang='grc'>8</span> <span class='ocrx_word' id='word_1_218' title='bbox 1072 2170 1123 2234; x_wconf 87' lang='lat' dir='ltr'><strong>fol.</strong></span> <span class='ocrx_word' id='word_1_219' title='bbox 1149 2170 1222 2234; x_wconf 88' lang='lat' dir='ltr'><strong>mihi</strong></span> <span class='ocrx_word' id='word_1_220' title='bbox 1253 2169 1342 2254; x_wconf 81' lang='grc'><strong>453).</strong></span> <span class='ocrx_word' id='word_1_221' title='bbox 1377 2169 1504 2234; x_wconf 82' lang='grc'><strong>199999</strong></span> <span class='ocrx_word' id='word_1_222' title='bbox 1537 2167 1607 2232; x_wconf 90' lang='grc'><strong>9991</strong></span> 
     </span>
     <span class='ocr_line' id='line_1_21' title="bbox 256 2255 1616 2343; baseline -0.002 -22"><span class='ocrx_word' id='word_1_223' title='bbox 256 2256 394 2322; x_wconf 89' lang='lat' dir='ltr'><strong>mehrers</strong></span> <span class='ocrx_word' id='word_1_224' title='bbox 417 2257 469 2336; x_wconf 91' lang='lat' dir='ltr'><strong>ist,</strong></span> <span class='ocrx_word' id='word_1_225' title='bbox 493 2257 547 2322; x_wconf 89' lang='lat' dir='ltr'><strong>der</strong></span> <span class='ocrx_word' id='word_1_226' title='bbox 569 2258 686 2323; x_wconf 88' lang='lat' dir='ltr'><strong>Beldus</strong></span> <span class='ocrx_word' id='word_1_227' title='bbox 714 2259 758 2340; x_wconf 85' lang='lat' dir='ltr'><strong>(in</strong></span> <span class='ocrx_word' id='word_1_228' title='bbox 782 2259 855 2324; x_wconf 86' lang='lat' dir='ltr'><strong>dict.</strong></span> <span class='ocrx_word' id='word_1_229' title='bbox 880 2278 962 2324; x_wconf 86' lang='lat' dir='ltr'><strong>cons.</strong></span> <span class='ocrx_word' id='word_1_230' title='bbox 986 2261 1077 2343; x_wconf 90' lang='lat' dir='ltr'><strong>prout</strong></span> <span class='ocrx_word' id='word_1_231' title='bbox 1100 2277 1168 2322; x_wconf 94' lang='lat' dir='ltr'><strong>eum</strong></span> <span class='ocrx_word' id='word_1_232' title='bbox 1193 2259 1271 2323; x_wconf 85' lang='lat' dir='ltr'><strong>citat</strong></span> <span class='ocrx_word' id='word_1_233' title='bbox 1294 2256 1405 2322; x_wconf 84' lang='lat' dir='ltr'><strong>Clarus</strong></span> <span class='ocrx_word' id='word_1_234' title='bbox 1427 2257 1492 2321; x_wconf 89' lang='lat' dir='ltr'><strong>lib:</strong></span> <span class='ocrx_word' id='word_1_235' title='bbox 1529 2257 1550 2318; x_wconf 85' lang='lat'>5</span> <span class='ocrx_word' id='word_1_236' title='bbox 1582 2255 1616 2340; x_wconf 67' lang='lat' dir='ltr'><strong>§.j</strong></span> 
     </span>
     <span class='ocr_line' id='line_1_22' title="bbox 254 2345 1616 2432; baseline -0.004 -22"><span class='ocrx_word' id='word_1_237' title='bbox 254 2345 305 2410; x_wconf 90' lang='grc'><strong>119.</strong></span> <span class='ocrx_word' id='word_1_238' title='bbox 327 2346 357 2410; x_wconf 87' lang='grc'><strong>9.</strong></span> <span class='ocrx_word' id='word_1_239' title='bbox 382 2345 434 2410; x_wconf 83' lang='grc'><strong>87.</strong></span> <span class='ocrx_word' id='word_1_240' title='bbox 458 2348 529 2429; x_wconf 90' lang='grc'><strong>9991</strong></span> <span class='ocrx_word' id='word_1_241' title='bbox 552 2365 631 2411; x_wconf 89' lang='lat' dir='ltr'><strong>vers.</strong></span> <span class='ocrx_word' id='word_1_242' title='bbox 655 2347 786 2429; x_wconf 87' lang='lat' dir='ltr'><strong>punctus</strong></span> <span class='ocrx_word' id='word_1_243' title='bbox 811 2351 858 2412; x_wconf 91' lang='lat' dir='ltr'><strong>est</strong></span> <span class='ocrx_word' id='word_1_244' title='bbox 880 2351 1002 2411; x_wconf 87' lang='lat' dir='ltr'><strong>tantum</strong></span> <span class='ocrx_word' id='word_1_245' title='bbox 1027 2348 1058 2411; x_wconf 93' lang='lat' dir='ltr'><strong>et</strong></span> <span class='ocrx_word' id='word_1_246' title='bbox 1080 2347 1235 2411; x_wconf 83' lang='lat' dir='ltr'><strong>Rotundus</strong></span> <span class='ocrx_word' id='word_1_247' title='bbox 1260 2365 1278 2410; x_wconf 92' lang='lat' dir='ltr'><strong>a</strong></span> <span class='ocrx_word' id='word_1_248' title='bbox 1302 2345 1616 2432; x_wconf 54' lang='grc'><strong>11911999129999</strong></span> 
     </span>
     <span class='ocr_line' id='line_1_23' title="bbox 254 2431 1616 2518; baseline -0.004 -21"><span class='ocrx_word' id='word_1_249' title='bbox 254 2433 1173 2518; x_wconf 76' lang='grc' dir='ltr'><strong>659.35.)1911999911991)999199919Β991919919,</strong></span> <span class='ocrx_word' id='word_1_250' title='bbox 1210 2437 1242 2498; x_wconf 88' lang='grc'><strong>91</strong></span> <span class='ocrx_word' id='word_1_251' title='bbox 1276 2433 1360 2510; x_wconf 87' lang='lat' dir='ltr'><strong>dicit,</strong></span> <span class='ocrx_word' id='word_1_252' title='bbox 1391 2434 1470 2516; x_wconf 87' lang='lat' dir='ltr'><strong>qued</strong></span> <span class='ocrx_word' id='word_1_253' title='bbox 1509 2431 1616 2516; x_wconf 68' lang='lat' dir='ltr'><strong>anima}</strong></span> 
     </span>
     <span class='ocr_line' id='line_1_24' title="bbox 251 2520 1616 2605; baseline -0.004 -19"><span class='ocrx_word' id='word_1_254' title='bbox 251 2520 364 2604; x_wconf 86' lang='lat' dir='ltr'><strong>judicis</strong></span> <span class='ocrx_word' id='word_1_255' title='bbox 388 2521 546 2605; x_wconf 90' lang='lat' dir='ltr'><strong>eujusdam</strong></span> <span class='ocrx_word' id='word_1_256' title='bbox 570 2523 601 2587; x_wconf 92' lang='lat' dir='ltr'><strong>et</strong></span> <span class='ocrx_word' id='word_1_257' title='bbox 623 2541 811 2588; x_wconf 82' lang='lat' dir='ltr'><strong>assessorum</strong></span> <span class='ocrx_word' id='word_1_258' title='bbox 836 2523 988 2586; x_wconf 90' lang='lat' dir='ltr'><strong>crucietur</strong></span> <span class='ocrx_word' id='word_1_259' title='bbox 1011 2521 1190 2598; x_wconf 89' lang='grc'><strong>191919999,</strong></span> <span class='ocrx_word' id='word_1_260' title='bbox 1215 2540 1251 2586; x_wconf 92' lang='lat' dir='ltr'><strong>eo</strong></span> <span class='ocrx_word' id='word_1_261' title='bbox 1268 2521 1348 2604; x_wconf 91' lang='lat' dir='ltr'><strong>quod</strong></span> <span class='ocrx_word' id='word_1_262' title='bbox 1369 2521 1406 2584; x_wconf 96' lang='lat' dir='ltr'><strong>ob</strong></span> <span class='ocrx_word' id='word_1_263' title='bbox 1429 2520 1531 2584; x_wconf 90' lang='lat' dir='ltr'><strong>sulam</strong></span> <span class='ocrx_word' id='word_1_264' title='bbox 1555 2520 1616 2598; x_wconf 59' lang='lat' dir='ltr'><strong>set,</strong></span> 
     </span>
     <span class='ocr_line' id='line_1_25' title="bbox 254 2609 1616 2694; baseline -0.004 -19"><span class='ocrx_word' id='word_1_265' title='bbox 254 2611 370 2675; x_wconf 88' lang='lat' dir='ltr'><strong>entiam</strong></span> <span class='ocrx_word' id='word_1_266' title='bbox 394 2610 576 2693; x_wconf 87' lang='lat' dir='ltr'><strong>supplicium</strong></span> <span class='ocrx_word' id='word_1_267' title='bbox 600 2611 796 2693; x_wconf 90' lang='lat' dir='ltr'><strong>sumpserint.</strong></span> <span class='ocrx_word' id='word_1_268' title='bbox 814 2609 884 2674; x_wconf 87' lang='lat' dir='ltr'><strong>Nun</strong></span> <span class='ocrx_word' id='word_1_269' title='bbox 908 2617 987 2674; x_wconf 80' lang='grc'><strong>99199</strong></span> <span class='ocrx_word' id='word_1_270' title='bbox 1010 2629 1042 2672; x_wconf 88' lang='grc'><strong>99</strong></span> <span class='ocrx_word' id='word_1_271' title='bbox 1066 2611 1125 2673; x_wconf 90' lang='lat' dir='ltr'><strong>mir</strong></span> <span class='ocrx_word' id='word_1_272' title='bbox 1147 2611 1206 2694; x_wconf 85' lang='lat' dir='ltr'><strong>bey</strong></span> <span class='ocrx_word' id='word_1_273' title='bbox 1229 2609 1404 2674; x_wconf 89' lang='lat' dir='ltr'><strong>dembloss</strong></span> <span class='ocrx_word' id='word_1_274' title='bbox 1427 2609 1460 2671; x_wconf 90' lang='lat' dir='ltr'><strong>in</strong></span> <span class='ocrx_word' id='word_1_275' title='bbox 1484 2627 1616 2690; x_wconf 51' lang='lat' dir='ltr'><strong>genera·¹</strong></span> 
     </span>
    </p>
   </div>
   <div class='ocr_carea' id='block_1_4' title="bbox 152 2696 1616 2781">
    <p class='ocr_par' dir='ltr' id='par_1_4' title="bbox 152 2696 1616 2781">
     <span class='ocr_line' id='line_1_26' title="bbox 152 2696 1616 2781; baseline -0.001 -21"><span class='ocrx_word' id='word_1_276' title='bbox 152 2739 154 2743; x_wconf 68' lang='lat'><strong>,</strong></span> <span class='ocrx_word' id='word_1_277' title='bbox 254 2697 344 2762; x_wconf 90' lang='lat' dir='ltr'><strong>litate</strong></span> <span class='ocrx_word' id='word_1_278' title='bbox 366 2698 590 2775; x_wconf 87' lang='lat' dir='ltr'><strong>verbliebenen,</strong></span> <span class='ocrx_word' id='word_1_279' title='bbox 615 2700 675 2762; x_wconf 94' lang='lat' dir='ltr'><strong>und</strong></span> <span class='ocrx_word' id='word_1_280' title='bbox 700 2699 830 2762; x_wconf 80' lang='lat' dir='ltr'><strong>zuerin</strong></span> <span class='ocrx_word' id='word_1_281' title='bbox 855 2701 971 2763; x_wconf 90' lang='grc'><strong>9999919</strong></span> <span class='ocrx_word' id='word_1_282' title='bbox 995 2717 1050 2763; x_wconf 92' lang='grc'><strong>999</strong></span> <span class='ocrx_word' id='word_1_283' title='bbox 1074 2698 1261 2781; x_wconf 89' lang='lat' dir='ltr'><strong>obbesagten</strong></span> <span class='ocrx_word' id='word_1_284' title='bbox 1289 2696 1527 2779; x_wconf 88' lang='lat' dir='ltr'><strong>Hauptleuthen</strong></span> <span class='ocrx_word' id='word_1_285' title='bbox 1563 2697 1616 2768; x_wconf 70' lang='lat' dir='ltr'><strong>be·;</strong></span> 
     </span>
    </p>
   </div>
   <div class='ocr_carea' id='block_1_5' title="bbox 241 2783 1616 4806">
    <p class='ocr_par' dir='ltr' id='par_1_5' title="bbox 254 2783 1616 3222">
     <span class='ocr_line' id='line_1_27' title="bbox 255 2783 1616 2870; baseline -0.003 -20"><span class='ocrx_word' id='word_1_286' title='bbox 255 2786 425 2851; x_wconf 92' lang='lat' dir='ltr'><strong>schehenen</strong></span> <span class='ocrx_word' id='word_1_287' title='bbox 447 2785 666 2870; x_wconf 83' lang='lat' dir='ltr'><strong>Enthr&#39;ilungen</strong></span> <span class='ocrx_word' id='word_1_288' title='bbox 690 2785 923 2869; x_wconf 84' lang='lat' dir='ltr'><strong>kuuftigerZeit</strong></span> <span class='ocrx_word' id='word_1_289' title='bbox 947 2785 1005 2850; x_wconf 90' lang='lat' dir='ltr'><strong>mit</strong></span> <span class='ocrx_word' id='word_1_290' title='bbox 1026 2786 1080 2850; x_wconf 91' lang='lat' dir='ltr'><strong>der</strong></span> <span class='ocrx_word' id='word_1_291' title='bbox 1103 2788 1177 2867; x_wconf 88' lang='lat' dir='ltr'><strong>prob</strong></span> <span class='ocrx_word' id='word_1_292' title='bbox 1210 2785 1282 2850; x_wconf 93' lang='lat' dir='ltr'><strong>oder</strong></span> <span class='ocrx_word' id='word_1_293' title='bbox 1308 2786 1391 2850; x_wconf 90' lang='lat' dir='ltr'><strong>einer</strong></span> <span class='ocrx_word' id='word_1_294' title='bbox 1420 2785 1513 2849; x_wconf 86' lang='lat' dir='ltr'><strong>recht</strong></span> <span class='ocrx_word' id='word_1_295' title='bbox 1546 2783 1616 2847; x_wconf 82' lang='grc'><strong>199</strong></span> 
     </span>
     <span class='ocr_line' id='line_1_28' title="bbox 255 2872 1616 2958; baseline -0.005 -21"><span class='ocrx_word' id='word_1_296' title='bbox 255 2872 588 2950; x_wconf 87' lang='grc'><strong>119199199991191199</strong></span> <span class='ocrx_word' id='word_1_297' title='bbox 612 2893 649 2938; x_wconf 88' lang='grc'><strong>99</strong></span> <span class='ocrx_word' id='word_1_298' title='bbox 672 2874 821 2957; x_wconf 88' lang='lat' dir='ltr'><strong>gelengen</strong></span> <span class='ocrx_word' id='word_1_299' title='bbox 846 2875 1014 2958; x_wconf 88' lang='lat' dir='ltr'><strong>vnmiglich</strong></span> <span class='ocrx_word' id='word_1_300' title='bbox 1040 2892 1189 2957; x_wconf 74' lang='lat' dir='ltr'><strong>genesen,</strong></span> <span class='ocrx_word' id='word_1_301' title='bbox 1204 2873 1243 2937; x_wconf 92' lang='grc'><strong>91</strong></span> <span class='ocrx_word' id='word_1_302' title='bbox 1267 2891 1357 2956; x_wconf 91' lang='lat' dir='ltr'><strong>quam</strong></span> <span class='ocrx_word' id='word_1_303' title='bbox 1381 2875 1562 2955; x_wconf 82' lang='lat' dir='ltr'><strong>requiritur,</strong></span> <span class='ocrx_word' id='word_1_304' title='bbox 1579 2873 1616 2934; x_wconf 47' lang='lat' dir='ltr'><strong>ut,</strong></span> 
     </span>
     <span class='ocr_line' id='line_1_29' title="bbox 254 2959 1616 3044; baseline -0.004 -19"><span class='ocrx_word' id='word_1_305' title='bbox 254 2959 376 3044; x_wconf 89' lang='lat' dir='ltr'><strong>praeter</strong></span> <span class='ocrx_word' id='word_1_306' title='bbox 398 2961 615 3044; x_wconf 84' lang='lat' dir='ltr'><strong>allegationem</strong></span> <span class='ocrx_word' id='word_1_307' title='bbox 638 2961 874 3044; x_wconf 81' lang='lat' dir='ltr'><strong>particularium</strong></span> <span class='ocrx_word' id='word_1_308' title='bbox 910 2961 994 3027; x_wconf 89' lang='lat' dir='ltr'><strong>dicat</strong></span> <span class='ocrx_word' id='word_1_309' title='bbox 1016 2963 1201 3026; x_wconf 92' lang='lat' dir='ltr'><strong>denuntians</strong></span> <span class='ocrx_word' id='word_1_310' title='bbox 1224 2963 1304 3026; x_wconf 92' lang='lat' dir='ltr'><strong>hunc</strong></span> <span class='ocrx_word' id='word_1_311' title='bbox 1346 2961 1395 3025; x_wconf 86' lang='lat' dir='ltr'><strong>vel</strong></span> <span class='ocrx_word' id='word_1_312' title='bbox 1424 2961 1516 3024; x_wconf 91' lang='lat' dir='ltr'><strong>illum</strong></span> <span class='ocrx_word' id='word_1_313' title='bbox 1555 2959 1616 3030; x_wconf 63' lang='lat' dir='ltr'><strong>tali,</strong></span> 
     </span>
     <span class='ocr_line' id='line_1_30' title="bbox 255 3048 1616 3132; baseline -0.006 -17"><span class='ocrx_word' id='word_1_314' title='bbox 255 3068 342 3130; x_wconf 90' lang='lat' dir='ltr'><strong>anno,</strong></span> <span class='ocrx_word' id='word_1_315' title='bbox 366 3049 423 3114; x_wconf 93' lang='grc'><strong>1911</strong></span> <span class='ocrx_word' id='word_1_316' title='bbox 447 3069 560 3128; x_wconf 91' lang='lat' dir='ltr'><strong>mense,</strong></span> <span class='ocrx_word' id='word_1_317' title='bbox 585 3050 697 3114; x_wconf 89' lang='grc'><strong>191911</strong></span> <span class='ocrx_word' id='word_1_318' title='bbox 721 3052 804 3126; x_wconf 87' lang='lat' dir='ltr'><strong>urbe,</strong></span> <span class='ocrx_word' id='word_1_319' title='bbox 829 3051 860 3114; x_wconf 93' lang='lat' dir='ltr'><strong>in</strong></span> <span class='ocrx_word' id='word_1_320' title='bbox 884 3051 972 3115; x_wconf 89' lang='lat' dir='ltr'><strong>domo</strong></span> <span class='ocrx_word' id='word_1_321' title='bbox 995 3069 1048 3115; x_wconf 89' lang='lat' dir='ltr'><strong>sua</strong></span> <span class='ocrx_word' id='word_1_322' title='bbox 1071 3049 1193 3132; x_wconf 92' lang='lat' dir='ltr'><strong>proprio</strong></span> <span class='ocrx_word' id='word_1_323' title='bbox 1217 3053 1275 3114; x_wconf 90' lang='lat' dir='ltr'><strong>etc.</strong></span> <span class='ocrx_word' id='word_1_324' title='bbox 1300 3048 1338 3114; x_wconf 85' lang='lat' dir='ltr'><strong>de</strong></span> <span class='ocrx_word' id='word_1_325' title='bbox 1362 3067 1433 3113; x_wconf 89' lang='grc'><strong>9999</strong></span> <span class='ocrx_word' id='word_1_326' title='bbox 1459 3048 1616 3130; x_wconf 83' lang='lat' dir='ltr'><strong>principis]</strong></span> 
     </span>
     <span class='ocr_line' id='line_1_31' title="bbox 258 3137 1354 3222; baseline -0.002 -20"><span class='ocrx_word' id='word_1_327' title='bbox 258 3138 418 3212; x_wconf 79' lang='grc'><strong>9991991999</strong></span> <span class='ocrx_word' id='word_1_328' title='bbox 442 3137 568 3202; x_wconf 87' lang='grc'><strong>19191999</strong></span> <span class='ocrx_word' id='word_1_329' title='bbox 590 3137 754 3202; x_wconf 87' lang='lat' dir='ltr'><strong>factionem</strong></span> <span class='ocrx_word' id='word_1_330' title='bbox 779 3137 890 3222; x_wconf 80' lang='lat' dir='ltr'><strong>(Gigas</strong></span> <span class='ocrx_word' id='word_1_331' title='bbox 915 3139 944 3203; x_wconf 90' lang='grc'><strong>2.</strong></span> <span class='ocrx_word' id='word_1_332' title='bbox 968 3143 1046 3220; x_wconf 87' lang='lat' dir='ltr'><strong>part.</strong></span> <span class='ocrx_word' id='word_1_333' title='bbox 1070 3138 1124 3201; x_wconf 92' lang='lat' dir='ltr'><strong>lib.</strong></span> <span class='ocrx_word' id='word_1_334' title='bbox 1148 3138 1180 3203; x_wconf 87' lang='lat'><strong>9.</strong></span> <span class='ocrx_word' id='word_1_335' title='bbox 1204 3138 1234 3202; x_wconf 86' lang='lat'><strong>3.</strong></span> <span class='ocrx_word' id='word_1_336' title='bbox 1256 3157 1285 3201; x_wconf 90' lang='lat' dir='ltr'><strong>n.</strong></span> <span class='ocrx_word' id='word_1_337' title='bbox 1315 3139 1354 3220; x_wconf 89' lang='grc'><strong>1).</strong></span> 
     </span>
    </p>

    <p class='ocr_par' dir='ltr' id='par_1_6' title="bbox 241 3221 1616 4806">
     <span class='ocr_line' id='line_1_32' title="bbox 362 3221 1616 3308; baseline -0.002 -20"><span class='ocrx_word' id='word_1_338' title='bbox 362 3225 460 3289; x_wconf 89' lang='lat' dir='ltr'><strong>Beede</strong></span> <span class='ocrx_word' id='word_1_339' title='bbox 483 3225 675 3308; x_wconf 84' lang='lat' dir='ltr'><strong>Hauptleuth</strong></span> <span class='ocrx_word' id='word_1_340' title='bbox 698 3227 802 3291; x_wconf 88' lang='lat' dir='ltr'><strong>hatten</strong></span> <span class='ocrx_word' id='word_1_341' title='bbox 826 3226 927 3290; x_wconf 89' lang='lat' dir='ltr'><strong>solche</strong></span> <span class='ocrx_word' id='word_1_342' title='bbox 952 3227 982 3289; x_wconf 95' lang='lat' dir='ltr'><strong>in</strong></span> <span class='ocrx_word' id='word_1_343' title='bbox 1007 3223 1521 3308; x_wconf 68' lang='grc'><strong>99919999999111991999919919</strong></span> <span class='ocrx_word' id='word_1_344' title='bbox 1550 3221 1616 3286; x_wconf 89' lang='grc'><strong>991</strong></span> 
     </span>
     <span class='ocr_line' id='line_1_33' title="bbox 256 3311 1616 3398; baseline -0.004 -22"><span class='ocrx_word' id='word_1_345' title='bbox 256 3311 376 3377; x_wconf 90' lang='lat' dir='ltr'><strong>nemine</strong></span> <span class='ocrx_word' id='word_1_346' title='bbox 398 3319 560 3396; x_wconf 88' lang='lat' dir='ltr'><strong>praesente</strong></span> <span class='ocrx_word' id='word_1_347' title='bbox 594 3314 725 3398; x_wconf 87' lang='lat' dir='ltr'><strong>gethane</strong></span> <span class='ocrx_word' id='word_1_348' title='bbox 748 3314 915 3379; x_wconf 90' lang='grc'><strong>9999191199</strong></span> <span class='ocrx_word' id='word_1_349' title='bbox 938 3316 1042 3378; x_wconf 90' lang='lat' dir='ltr'><strong>eadem</strong></span> <span class='ocrx_word' id='word_1_350' title='bbox 1068 3314 1233 3378; x_wconf 86' lang='lat' dir='ltr'><strong>hernacher</strong></span> <span class='ocrx_word' id='word_1_351' title='bbox 1263 3313 1421 3389; x_wconf 86' lang='lat' dir='ltr'><strong>facilitate,</strong></span> <span class='ocrx_word' id='word_1_352' title='bbox 1455 3330 1518 3394; x_wconf 91' lang='lat' dir='ltr'><strong>qua</strong></span> <span class='ocrx_word' id='word_1_353' title='bbox 1541 3328 1616 3374; x_wconf 60' lang='lat' dir='ltr'><strong>cor-5</strong></span> 
     </span>
     <span class='ocr_line' id='line_1_34' title="bbox 255 3399 1616 3484; baseline -0.004 -19"><span class='ocrx_word' id='word_1_354' title='bbox 255 3401 459 3480; x_wconf 90' lang='lat' dir='ltr'><strong>erediderunt,</strong></span> <span class='ocrx_word' id='word_1_355' title='bbox 482 3403 642 3466; x_wconf 89' lang='grc'><strong>999991999</strong></span> <span class='ocrx_word' id='word_1_356' title='bbox 665 3403 791 3480; x_wconf 81' lang='lat' dir='ltr'><strong>konnen,</strong></span> <span class='ocrx_word' id='word_1_357' title='bbox 817 3403 846 3466; x_wconf 94' lang='lat' dir='ltr'><strong>in</strong></span> <span class='ocrx_word' id='word_1_358' title='bbox 878 3402 986 3466; x_wconf 82' lang='lat' dir='ltr'><strong>dassen</strong></span> <span class='ocrx_word' id='word_1_359' title='bbox 1020 3419 1182 3484; x_wconf 85' lang='lat' dir='ltr'><strong>crwegung</strong></span> <span class='ocrx_word' id='word_1_360' title='bbox 1216 3419 1273 3465; x_wconf 87' lang='lat' dir='ltr'><strong>von</strong></span> <span class='ocrx_word' id='word_1_361' title='bbox 1309 3401 1362 3464; x_wconf 90' lang='grc'><strong>199</strong></span> <span class='ocrx_word' id='word_1_362' title='bbox 1395 3399 1616 3464; x_wconf 78' lang='lat' dir='ltr'><strong>denuntiationl</strong></span> 
     </span>
     <span class='ocr_line' id='line_1_35' title="bbox 257 3487 1616 3572; baseline -0.003 -19"><span class='ocrx_word' id='word_1_363' title='bbox 257 3490 339 3553; x_wconf 89' lang='lat' dir='ltr'><strong>mich</strong></span> <span class='ocrx_word' id='word_1_364' title='bbox 363 3490 470 3554; x_wconf 88' lang='lat' dir='ltr'><strong>billich</strong></span> <span class='ocrx_word' id='word_1_365' title='bbox 492 3489 684 3572; x_wconf 88' lang='lat' dir='ltr'><strong>abgehalten,</strong></span> <span class='ocrx_word' id='word_1_366' title='bbox 710 3509 787 3555; x_wconf 87' lang='lat' dir='ltr'><strong>wass</strong></span> <span class='ocrx_word' id='word_1_367' title='bbox 810 3489 924 3554; x_wconf 87' lang='lat' dir='ltr'><strong>andern</strong></span> <span class='ocrx_word' id='word_1_368' title='bbox 946 3489 1102 3554; x_wconf 84' lang='grc'><strong>9999911199</strong></span> <span class='ocrx_word' id='word_1_369' title='bbox 1127 3489 1184 3572; x_wconf 86' lang='lat' dir='ltr'><strong>bey</strong></span> <span class='ocrx_word' id='word_1_370' title='bbox 1207 3488 1390 3553; x_wconf 82' lang='lat' dir='ltr'><strong>fdrstlicheu</strong></span> <span class='ocrx_word' id='word_1_371' title='bbox 1413 3487 1526 3551; x_wconf 83' lang='lat' dir='ltr'><strong>Hoffen</strong></span> <span class='ocrx_word' id='word_1_372' title='bbox 1559 3491 1616 3548; x_wconf 73' lang='grc'><strong>91</strong></span> 
     </span>
     <span class='ocr_line' id='line_1_36' title="bbox 256 3575 1616 3661; baseline -0.002 -21"><span class='ocrx_word' id='word_1_373' title='bbox 256 3577 427 3655; x_wconf 85' lang='grc'><strong>199191999,</strong></span> <span class='ocrx_word' id='word_1_374' title='bbox 450 3579 563 3642; x_wconf 87' lang='lat' dir='ltr'><strong>welche</strong></span> <span class='ocrx_word' id='word_1_375' title='bbox 586 3578 679 3642; x_wconf 89' lang='lat' dir='ltr'><strong>etiam</strong></span> <span class='ocrx_word' id='word_1_376' title='bbox 704 3595 774 3642; x_wconf 84' lang='lat' dir='ltr'><strong>uera</strong></span> <span class='ocrx_word' id='word_1_377' title='bbox 797 3577 968 3642; x_wconf 82' lang='lat' dir='ltr'><strong>deierantes</strong></span> <span class='ocrx_word' id='word_1_378' title='bbox 989 3576 1207 3661; x_wconf 82' lang='lat' dir='ltr'><strong>gleichwohlen</strong></span> <span class='ocrx_word' id='word_1_379' title='bbox 1231 3576 1381 3640; x_wconf 91' lang='lat' dir='ltr'><strong>hernaher</strong></span> <span class='ocrx_word' id='word_1_380' title='bbox 1403 3576 1442 3639; x_wconf 92' lang='lat' dir='ltr'><strong>ob</strong></span> <span class='ocrx_word' id='word_1_381' title='bbox 1457 3575 1616 3660; x_wconf 63' lang='lat' dir='ltr'><strong>delectum}</strong></span> 
     </span>
     <span class='ocr_line' id='line_1_37' title="bbox 257 3663 1616 3750; baseline -0.004 -21"><span class='ocrx_word' id='word_1_382' title='bbox 257 3665 447 3749; x_wconf 91' lang='lat' dir='ltr'><strong>probationis</strong></span> <span class='ocrx_word' id='word_1_383' title='bbox 472 3665 628 3730; x_wconf 89' lang='lat' dir='ltr'><strong>offentlich</strong></span> <span class='ocrx_word' id='word_1_384' title='bbox 652 3665 792 3729; x_wconf 85' lang='lat' dir='ltr'><strong>abbitten</strong></span> <span class='ocrx_word' id='word_1_385' title='bbox 826 3667 886 3730; x_wconf 90' lang='grc'><strong>991</strong></span> <span class='ocrx_word' id='word_1_386' title='bbox 910 3667 1066 3732; x_wconf 81' lang='lat' dir='ltr'><strong>revociren</strong></span> <span class='ocrx_word' id='word_1_387' title='bbox 1090 3671 1240 3729; x_wconf 80' lang='lat' dir='ltr'><strong>mdessen.</strong></span> <span class='ocrx_word' id='word_1_388' title='bbox 1270 3663 1439 3728; x_wconf 82' lang='grc'><strong>1191119199</strong></span> <span class='ocrx_word' id='word_1_389' title='bbox 1462 3663 1616 3750; x_wconf 65' lang='grc'><strong>99911991</strong></span> 
     </span>
     <span class='ocr_line' id='line_1_38' title="bbox 258 3750 1616 3836; baseline -0.007 -17"><span class='ocrx_word' id='word_1_390' title='bbox 258 3755 313 3819; x_wconf 89' lang='grc'><strong>199</strong></span> <span class='ocrx_word' id='word_1_391' title='bbox 334 3753 525 3818; x_wconf 83' lang='lat' dir='ltr'><strong>Buhovatzlri</strong></span> <span class='ocrx_word' id='word_1_392' title='bbox 551 3754 664 3818; x_wconf 89' lang='lat' dir='ltr'><strong>zuruck</strong></span> <span class='ocrx_word' id='word_1_393' title='bbox 687 3754 749 3818; x_wconf 93' lang='lat' dir='ltr'><strong>und</strong></span> <span class='ocrx_word' id='word_1_394' title='bbox 769 3755 816 3818; x_wconf 93' lang='lat' dir='ltr'><strong>ich</strong></span> <span class='ocrx_word' id='word_1_395' title='bbox 840 3754 896 3817; x_wconf 92' lang='lat' dir='ltr'><strong>den</strong></span> <span class='ocrx_word' id='word_1_396' title='bbox 925 3755 963 3816; x_wconf 89' lang='grc'><strong>12</strong></span> <span class='ocrx_word' id='word_1_397' title='bbox 987 3754 1089 3836; x_wconf 81' lang='lat' dir='ltr'><strong>Merty</strong></span> <span class='ocrx_word' id='word_1_398' title='bbox 1124 3752 1179 3816; x_wconf 88' lang='lat' dir='ltr'><strong>auf</strong></span> <span class='ocrx_word' id='word_1_399' title='bbox 1204 3750 1370 3817; x_wconf 86' lang='lat' dir='ltr'><strong>Ciaheturn</strong></span> <span class='ocrx_word' id='word_1_400' title='bbox 1392 3751 1535 3824; x_wconf 87' lang='lat' dir='ltr'><strong>homhen,</strong></span> <span class='ocrx_word' id='word_1_401' title='bbox 1572 3752 1616 3810; x_wconf 82' lang='lat' dir='ltr'><strong>isti</strong></span> 
     </span>
     <span class='ocr_line' id='line_1_39' title="bbox 258 3839 1616 3924; baseline -0.007 -19"><span class='ocrx_word' id='word_1_402' title='bbox 258 3842 345 3906; x_wconf 89' lang='lat' dir='ltr'><strong>lauth</strong></span> <span class='ocrx_word' id='word_1_403' title='bbox 370 3842 485 3906; x_wconf 89' lang='lat' dir='ltr'><strong>meiner</strong></span> <span class='ocrx_word' id='word_1_404' title='bbox 521 3842 650 3905; x_wconf 91' lang='lat' dir='ltr'><strong>relation</strong></span> <span class='ocrx_word' id='word_1_405' title='bbox 684 3839 722 3904; x_wconf 82' lang='lat' dir='ltr'><strong>A.</strong></span> <span class='ocrx_word' id='word_1_406' title='bbox 754 3842 831 3906; x_wconf 91' lang='grc'><strong>9991</strong></span> <span class='ocrx_word' id='word_1_407' title='bbox 864 3843 913 3906; x_wconf 91' lang='grc'><strong>119</strong></span> <span class='ocrx_word' id='word_1_408' title='bbox 945 3841 1169 3924; x_wconf 86' lang='grc'><strong>99911991991191</strong></span> <span class='ocrx_word' id='word_1_409' title='bbox 1200 3841 1258 3905; x_wconf 89' lang='grc'><strong>991</strong></span> <span class='ocrx_word' id='word_1_410' title='bbox 1292 3840 1341 3904; x_wconf 90' lang='grc'><strong>119</strong></span> <span class='ocrx_word' id='word_1_411' title='bbox 1372 3839 1444 3903; x_wconf 89' lang='grc'><strong>9119</strong></span> <span class='ocrx_word' id='word_1_412' title='bbox 1476 3839 1616 3916; x_wconf 69' lang='grc'><strong>1919919191</strong></span> 
     </span>
     <span class='ocr_line' id='line_1_40' title="bbox 258 3925 1616 4013; baseline -0.006 -19"><span class='ocrx_word' id='word_1_413' title='bbox 258 3933 380 4013; x_wconf 86' lang='lat' dir='ltr'><strong>puncta,</strong></span> <span class='ocrx_word' id='word_1_414' title='bbox 404 3947 437 3994; x_wconf 92' lang='lat' dir='ltr'><strong>so</strong></span> <span class='ocrx_word' id='word_1_415' title='bbox 461 3930 626 4011; x_wconf 88' lang='lat' dir='ltr'><strong>gedachter</strong></span> <span class='ocrx_word' id='word_1_416' title='bbox 652 3929 837 3994; x_wconf 82' lang='lat' dir='ltr'><strong>Bulrovatzlri</strong></span> <span class='ocrx_word' id='word_1_417' title='bbox 857 3931 915 3993; x_wconf 89' lang='lat' dir='ltr'><strong>mit</strong></span> <span class='ocrx_word' id='word_1_418' title='bbox 939 3933 1006 3995; x_wconf 93' lang='lat' dir='ltr'><strong>dem</strong></span> <span class='ocrx_word' id='word_1_419' title='bbox 1029 3929 1191 3994; x_wconf 85' lang='lat' dir='ltr'><strong>Erhleindt</strong></span> <span class='ocrx_word' id='word_1_420' title='bbox 1214 3927 1381 4011; x_wconf 85' lang='lat' dir='ltr'><strong>gehandlet</strong></span> <span class='ocrx_word' id='word_1_421' title='bbox 1402 3927 1504 3992; x_wconf 90' lang='lat' dir='ltr'><strong>haben</strong></span> <span class='ocrx_word' id='word_1_422' title='bbox 1528 3925 1616 4008; x_wconf 60' lang='lat' dir='ltr'><strong>selle,</strong></span> 
     </span>
     <span class='ocr_line' id='line_1_41' title="bbox 260 4015 1605 4100; baseline -0.005 -19"><span class='ocrx_word' id='word_1_423' title='bbox 260 4019 346 4082; x_wconf 88' lang='lat' dir='ltr'><strong>nicht</strong></span> <span class='ocrx_word' id='word_1_424' title='bbox 369 4018 448 4082; x_wconf 90' lang='grc'><strong>9199</strong></span> <span class='ocrx_word' id='word_1_425' title='bbox 470 4017 586 4081; x_wconf 90' lang='lat' dir='ltr'><strong>meiner</strong></span> <span class='ocrx_word' id='word_1_426' title='bbox 623 4017 848 4082; x_wconf 87' lang='lat' dir='ltr'><strong>sonderbahren</strong></span> <span class='ocrx_word' id='word_1_427' title='bbox 874 4019 1071 4100; x_wconf 85' lang='lat' dir='ltr'><strong>Bestirtzung</strong></span> <span class='ocrx_word' id='word_1_428' title='bbox 1107 4016 1318 4100; x_wconf 81' lang='lat' dir='ltr'><strong>uorgewiesen,</strong></span> <span class='ocrx_word' id='word_1_429' title='bbox 1350 4015 1399 4079; x_wconf 90' lang='lat' dir='ltr'><strong>ich</strong></span> <span class='ocrx_word' id='word_1_430' title='bbox 1438 4017 1513 4080; x_wconf 89' lang='lat' dir='ltr'><strong>aber</strong></span> <span class='ocrx_word' id='word_1_431' title='bbox 1545 4015 1605 4077; x_wconf 89' lang='lat' dir='ltr'><strong>hiu-</strong></span> 
     </span>
     <span class='ocr_line' id='line_1_42' title="bbox 259 4099 1616 4190; baseline -0.004 -20"><span class='ocrx_word' id='word_1_432' title='bbox 259 4125 367 4190; x_wconf 90' lang='lat' dir='ltr'><strong>gegen,</strong></span> <span class='ocrx_word' id='word_1_433' title='bbox 392 4107 498 4188; x_wconf 86' lang='lat' dir='ltr'><strong>utpote</strong></span> <span class='ocrx_word' id='word_1_434' title='bbox 522 4105 553 4170; x_wconf 93' lang='lat' dir='ltr'><strong>in</strong></span> <span class='ocrx_word' id='word_1_435' title='bbox 577 4108 674 4170; x_wconf 91' lang='lat' dir='ltr'><strong>medio</strong></span> <span class='ocrx_word' id='word_1_436' title='bbox 697 4106 821 4170; x_wconf 91' lang='lat' dir='ltr'><strong>illorum</strong></span> <span class='ocrx_word' id='word_1_437' title='bbox 853 4109 1048 4180; x_wconf 91' lang='lat' dir='ltr'><strong>constitutus,</strong></span> <span class='ocrx_word' id='word_1_438' title='bbox 1084 4105 1259 4170; x_wconf 82' lang='lat' dir='ltr'><strong>wiewohlen</strong></span> <span class='ocrx_word' id='word_1_439' title='bbox 1294 4123 1363 4168; x_wconf 91' lang='lat' dir='ltr'><strong>cum</strong></span> <span class='ocrx_word' id='word_1_440' title='bbox 1400 4105 1479 4168; x_wconf 86' lang='lat' dir='ltr'><strong>teste</strong></span> <span class='ocrx_word' id='word_1_441' title='bbox 1514 4099 1616 4184; x_wconf 61' lang='lat' dir='ltr'><strong>philo}</strong></span> 
     </span>
     <span class='ocr_line' id='line_1_43' title="bbox 260 4191 1616 4277; baseline -0.005 -18"><span class='ocrx_word' id='word_1_442' title='bbox 260 4195 353 4277; x_wconf 90' lang='lat' dir='ltr'><strong>sopho</strong></span> <span class='ocrx_word' id='word_1_443' title='bbox 377 4195 409 4258; x_wconf 89' lang='lat' dir='ltr'><strong>et</strong></span> <span class='ocrx_word' id='word_1_444' title='bbox 431 4214 483 4276; x_wconf 93' lang='grc'><strong>999</strong></span> <span class='ocrx_word' id='word_1_445' title='bbox 507 4194 525 4257; x_wconf 92' lang='grc'><strong>1</strong></span> <span class='ocrx_word' id='word_1_446' title='bbox 548 4194 598 4276; x_wconf 88' lang='lat' dir='ltr'><strong>qul</strong></span> <span class='ocrx_word' id='word_1_447' title='bbox 623 4195 773 4262; x_wconf 78' lang='lat' dir='ltr'><strong>sumente</strong></span> <span class='ocrx_word' id='word_1_448' title='bbox 796 4194 827 4257; x_wconf 88' lang='lat' dir='ltr'><strong>ff.</strong></span> <span class='ocrx_word' id='word_1_449' title='bbox 852 4195 888 4256; x_wconf 90' lang='grc'><strong>19</strong></span> <span class='ocrx_word' id='word_1_450' title='bbox 911 4193 983 4258; x_wconf 85' lang='grc'><strong>1991.</strong></span> <span class='ocrx_word' id='word_1_451' title='bbox 1008 4193 1098 4276; x_wconf 85' lang='lat' dir='ltr'><strong>primi</strong></span> <span class='ocrx_word' id='word_1_452' title='bbox 1125 4197 1226 4257; x_wconf 91' lang='lat' dir='ltr'><strong>motus</strong></span> <span class='ocrx_word' id='word_1_453' title='bbox 1251 4211 1309 4257; x_wconf 93' lang='grc'><strong>999</strong></span> <span class='ocrx_word' id='word_1_454' title='bbox 1332 4191 1441 4256; x_wconf 89' lang='lat' dir='ltr'><strong>sintin</strong></span> <span class='ocrx_word' id='word_1_455' title='bbox 1459 4193 1616 4273; x_wconf 68' lang='lat' dir='ltr'><strong>potestate}</strong></span> 
     </span>
     <span class='ocr_line' id='line_1_44' title="bbox 260 4280 1616 4370; baseline -0.004 -24"><span class='ocrx_word' id='word_1_456' title='bbox 260 4286 373 4360; x_wconf 90' lang='lat' dir='ltr'><strong>nostra,</strong></span> <span class='ocrx_word' id='word_1_457' title='bbox 398 4284 458 4347; x_wconf 90' lang='lat' dir='ltr'><strong>mir</strong></span> <span class='ocrx_word' id='word_1_458' title='bbox 481 4282 581 4364; x_wconf 89' lang='lat' dir='ltr'><strong>gleich</strong></span> <span class='ocrx_word' id='word_1_459' title='bbox 604 4281 804 4366; x_wconf 85' lang='lat' dir='ltr'><strong>beygefellen,</strong></span> <span class='ocrx_word' id='word_1_460' title='bbox 830 4281 901 4347; x_wconf 87' lang='lat' dir='ltr'><strong>dass</strong></span> <span class='ocrx_word' id='word_1_461' title='bbox 924 4303 959 4346; x_wconf 85' lang='grc'><strong>99</strong></span> <span class='ocrx_word' id='word_1_462' title='bbox 982 4282 1158 4364; x_wconf 86' lang='lat' dir='ltr'><strong>particulari</strong></span> <span class='ocrx_word' id='word_1_463' title='bbox 1182 4284 1214 4345; x_wconf 89' lang='grc'><strong>91</strong></span> <span class='ocrx_word' id='word_1_464' title='bbox 1245 4281 1368 4363; x_wconf 86' lang='grc'><strong>9919919</strong></span> <span class='ocrx_word' id='word_1_465' title='bbox 1390 4280 1532 4362; x_wconf 90' lang='lat' dir='ltr'><strong>passione</strong></span> <span class='ocrx_word' id='word_1_466' title='bbox 1564 4281 1616 4370; x_wconf 62' lang='lat' dir='ltr'><strong>‘fiel</strong></span> 
     </span>
     <span class='ocr_line' id='line_1_45' title="bbox 260 4366 1616 4452; baseline -0.004 -18"><span class='ocrx_word' id='word_1_467' title='bbox 260 4369 530 4436; x_wconf 87' lang='lat' dir='ltr'><strong>haubtmanschaft</strong></span> <span class='ocrx_word' id='word_1_468' title='bbox 552 4369 689 4433; x_wconf 88' lang='lat' dir='ltr'><strong>Thovum</strong></span> <span class='ocrx_word' id='word_1_469' title='bbox 713 4369 772 4432; x_wconf 93' lang='lat' dir='ltr'><strong>mir</strong></span> <span class='ocrx_word' id='word_1_470' title='bbox 796 4370 975 4444; x_wconf 92' lang='lat' dir='ltr'><strong>henomben,</strong></span> <span class='ocrx_word' id='word_1_471' title='bbox 997 4388 1030 4434; x_wconf 89' lang='lat' dir='ltr'><strong>so</strong></span> <span class='ocrx_word' id='word_1_472' title='bbox 1050 4388 1106 4452; x_wconf 90' lang='lat' dir='ltr'><strong>gar</strong></span> <span class='ocrx_word' id='word_1_473' title='bbox 1140 4370 1210 4433; x_wconf 88' lang='lat' dir='ltr'><strong>dass</strong></span> <span class='ocrx_word' id='word_1_474' title='bbox 1245 4367 1295 4433; x_wconf 92' lang='lat' dir='ltr'><strong>ich</strong></span> <span class='ocrx_word' id='word_1_475' title='bbox 1329 4368 1428 4433; x_wconf 86' lang='lat' dir='ltr'><strong>denen</strong></span> <span class='ocrx_word' id='word_1_476' title='bbox 1463 4366 1616 4452; x_wconf 62' lang='lat' dir='ltr'><strong>Soldatent</strong></span> 
     </span>
     <span class='ocr_line' id='line_1_46' title="bbox 259 4455 1616 4541; baseline -0.001 -20"><span class='ocrx_word' id='word_1_477' title='bbox 259 4458 346 4522; x_wconf 88' lang='lat' dir='ltr'><strong>nicht</strong></span> <span class='ocrx_word' id='word_1_478' title='bbox 367 4459 501 4522; x_wconf 92' lang='lat' dir='ltr'><strong>einmahl</strong></span> <span class='ocrx_word' id='word_1_479' title='bbox 527 4458 710 4522; x_wconf 89' lang='grc'><strong>99191191999</strong></span> <span class='ocrx_word' id='word_1_480' title='bbox 727 4458 854 4532; x_wconf 81' lang='lat' dir='ltr'><strong>konnen,</strong></span> <span class='ocrx_word' id='word_1_481' title='bbox 879 4477 956 4540; x_wconf 89' lang='lat' dir='ltr'><strong>quae</strong></span> <span class='ocrx_word' id='word_1_482' title='bbox 972 4476 1093 4522; x_wconf 87' lang='lat' dir='ltr'><strong>summa</strong></span> <span class='ocrx_word' id='word_1_483' title='bbox 1109 4457 1223 4541; x_wconf 85' lang='lat' dir='ltr'><strong>injuria</strong></span> <span class='ocrx_word' id='word_1_484' title='bbox 1246 4457 1400 4530; x_wconf 85' lang='lat' dir='ltr'><strong>militaris,</strong></span> <span class='ocrx_word' id='word_1_485' title='bbox 1426 4458 1489 4520; x_wconf 92' lang='lat' dir='ltr'><strong>und</strong></span> <span class='ocrx_word' id='word_1_486' title='bbox 1519 4455 1616 4520; x_wconf 68' lang='lat' dir='ltr'><strong>naen-2</strong></span> 
     </span>
     <span class='ocr_line' id='line_1_47' title="bbox 241 4545 1616 4628; baseline -0.001 -20"><span class='ocrx_word' id='word_1_487' title='bbox 241 4545 409 4627; x_wconf 88' lang='lat' dir='ltr'><strong>·gehendts</strong></span> <span class='ocrx_word' id='word_1_488' title='bbox 430 4548 488 4610; x_wconf 88' lang='lat' dir='ltr'><strong>mit</strong></span> <span class='ocrx_word' id='word_1_489' title='bbox 511 4548 564 4609; x_wconf 92' lang='lat' dir='ltr'><strong>der</strong></span> <span class='ocrx_word' id='word_1_490' title='bbox 599 4565 655 4610; x_wconf 90' lang='grc'><strong>999</strong></span> <span class='ocrx_word' id='word_1_491' title='bbox 680 4545 870 4610; x_wconf 84' lang='grc'><strong>999119199999</strong></span> <span class='ocrx_word' id='word_1_492' title='bbox 894 4547 955 4610; x_wconf 93' lang='grc'><strong>991</strong></span> <span class='ocrx_word' id='word_1_493' title='bbox 978 4546 1034 4610; x_wconf 87' lang='grc'><strong>991</strong></span> <span class='ocrx_word' id='word_1_494' title='bbox 1052 4545 1133 4609; x_wconf 92' lang='lat' dir='ltr'><strong>mein</strong></span> <span class='ocrx_word' id='word_1_495' title='bbox 1156 4547 1273 4628; x_wconf 81' lang='lat' dir='ltr'><strong>werrige</strong></span> <span class='ocrx_word' id='word_1_496' title='bbox 1295 4545 1431 4609; x_wconf 90' lang='lat' dir='ltr'><strong>Persohn</strong></span> <span class='ocrx_word' id='word_1_497' title='bbox 1459 4546 1616 4628; x_wconf 71' lang='lat' dir='ltr'><strong>allergne}</strong></span> 
     </span>
     <span class='ocr_line' id='line_1_48' title="bbox 261 4632 1616 4720; baseline -0.002 -24"><span class='ocrx_word' id='word_1_498' title='bbox 261 4634 322 4696; x_wconf 91' lang='lat' dir='ltr'><strong>dist</strong></span> <span class='ocrx_word' id='word_1_499' title='bbox 344 4633 504 4698; x_wconf 90' lang='lat' dir='ltr'><strong>resolvirte</strong></span> <span class='ocrx_word' id='word_1_500' title='bbox 519 4633 632 4697; x_wconf 89' lang='grc'><strong>991999</strong></span> <span class='ocrx_word' id='word_1_501' title='bbox 646 4632 1000 4714; x_wconf 87' lang='lat' dir='ltr'><strong>Oberhaubtmanschaft</strong></span> <span class='ocrx_word' id='word_1_502' title='bbox 1015 4634 1138 4717; x_wconf 89' lang='lat' dir='ltr'><strong>Zenegh</strong></span> <span class='ocrx_word' id='word_1_503' title='bbox 1153 4634 1201 4698; x_wconf 93' lang='lat' dir='ltr'><strong>die</strong></span> <span class='ocrx_word' id='word_1_504' title='bbox 1217 4633 1407 4712; x_wconf 90' lang='lat' dir='ltr'><strong>instalation,</strong></span> <span class='ocrx_word' id='word_1_505' title='bbox 1426 4634 1616 4720; x_wconf 53' lang='lat' dir='ltr'><strong>vngeachteh</strong></span> 
     </span>
     <span class='ocr_line' id='line_1_49' title="bbox 259 4720 1616 4806; baseline 0.001 -22"><span class='ocrx_word' id='word_1_506' title='bbox 259 4720 309 4785; x_wconf 92' lang='lat' dir='ltr'><strong>ich</strong></span> <span class='ocrx_word' id='word_1_507' title='bbox 331 4720 425 4784; x_wconf 88' lang='lat' dir='ltr'><strong>etlich</strong></span> <span class='ocrx_word' id='word_1_508' title='bbox 441 4723 575 4786; x_wconf 83' lang='grc' dir='ltr'><strong>Γ1999991</strong></span> <span class='ocrx_word' id='word_1_509' title='bbox 594 4721 711 4786; x_wconf 86' lang='lat' dir='ltr'><strong>Golden</strong></span> <span class='ocrx_word' id='word_1_510' title='bbox 731 4720 950 4804; x_wconf 81' lang='lat' dir='ltr'><strong>autgewendet,</strong></span> <span class='ocrx_word' id='word_1_511' title='bbox 963 4723 1168 4802; x_wconf 82' lang='grc'><strong>9999919199,</strong></span> <span class='ocrx_word' id='word_1_512' title='bbox 1192 4722 1358 4806; x_wconf 90' lang='lat' dir='ltr'><strong>folgliohen</strong></span> <span class='ocrx_word' id='word_1_513' title='bbox 1380 4723 1444 4787; x_wconf 86' lang='lat' dir='ltr'><strong>ich&#39;</strong></span> <span class='ocrx_word' id='word_1_514' title='bbox 1460 4744 1520 4790; x_wconf 93' lang='lat' dir='ltr'><strong>non</strong></span> <span class='ocrx_word' id='word_1_515' title='bbox 1547 4723 1616 4788; x_wconf 59' lang='lat' dir='ltr'><strong>sinel</strong></span> 
     </span>
    </p>
   </div>
   <div class='ocr_carea' id='block_1_6' title="bbox 0 0 1628 5266">
    <p class='ocr_par' dir='ltr' id='par_1_7' title="bbox 0 0 1628 5266">
     <span class='ocr_line' id='line_1_50' title="bbox 0 0 1628 5266; baseline 0 0"><span class='ocrx_word' id='word_1_516' title='bbox 0 0 1628 5266; x_wconf 95' lang='lat' dir='ltr'><strong> </strong></span> 
     </span>
    </p>
   </div>
  </div>
 </body>
</html>
