3306 5252
1346 342 1408 411 231

49 519 174 599 confisa,
200 520 251 585 nti
278 519 380 604 ipsum
411 519 557 586 comitem
581 522 694 586 benum
727 535 859 604 suosque
890 520 1038 602 exmieeoe
1059 539 1113 603 pro
1137 522 1315 588 testimonio
1339 521 1409 588 cito.

50 607 178 672 Interim
215 609 395 691 superuenit
427 609 519 674 litera
552 607 667 674 domini
703 607 914 692 Bulouatslry,
947 627 963 674 e
994 609 1195 675 Thessalonia
1228 610 1409 693 perscripta,

51 713 141 776 quam
165 715 222 778 per
244 696 321 761 dnos
345 697 528 778 capitaneos,
554 715 663 778 nempe
694 694 854 760 dominum
889 695 1035 761 Mallonia
1058 698 1089 759 et
1113 698 1273 764 dominnm
1293 696 1410 764 Ciolniz

51 781 235 866 Zagrabiam
259 783 443 862 transmisit,
467 803 577 867 meque
602 802 636 848 eo
659 801 783 848 summa
805 801 876 848 curu
899 783 1059 848 celeritate
1083 784 1233 850 aduocare
1250 788 1408 864 curarunt,

50 888 107 951 quo
130 889 202 934 uum
222 872 432 953 peruenissem
455 891 506 935 me
530 873 653 936 nomine
670 872 792 936 comitis
815 871 886 935 bani
910 871 1067 936 coniurare
1084 874 1259 954 coeperunt,
1285 875 1320 937 ut
1336 873 1410 938 fide-

49 956 169 1022 litatem
195 961 228 1022 et
250 959 497 1024 taciturnitatem
521 959 698 1042 spondeam,
723 959 836 1024 habent
858 957 940 1022 enim
967 959 1124 1042 negotium
1148 977 1279 1042 magnae
1294 961 1410 1042 impor-

51 1045 164 1110 tantiae
184 1045 263 1110 mihi
286 1045 507 1122 reuelandum;
541 1065 670 1130 quorum
701 1045 905 1129 propositioni
936 1048 1039 1124 annui,
1072 1045 1198 1111 tandem
1230 1048 1408 1112 institutam

50 1132 318 1198 communicarunt
352 1134 596 1217 ablegationem,
632 1152 687 1198 nee
723 1152 783 1198 uon
817 1131 1010 1216 superiactae
1044 1132 1165 1199 litteras
1201 1136 1408 1218 assignarunt,

49 1237 177 1302 quarum
203 1223 291 1285 tenor
314 1240 442 1305 sequens
466 1224 548 1288 erat:

157 1307 408 1388 ,Gratiosissime
419 1309 558 1374 domine!
583 1309 689 1375 Reddo
706 1309 915 1376 excellentiam
933 1311 1069 1375 uestram
1084 1309 1259 1385 certiorem,
1273 1308 1406 1392 qualiter

48 1395 155 1460 saluus
177 1400 208 1460 et
231 1397 393 1462 incolumis
417 1398 447 1461 iu
481 1398 558 1462 hano
589 1397 706 1480 regiam
730 1397 912 1480 appulerim,
935 1397 986 1463 vbi
1011 1398 1164 1481 singulari
1188 1398 1407 1462 aestimatione

47 1485 78 1546 et
100 1483 296 1550 humanitate
320 1483 363 1550 fui
388 1487 541 1568 exceptus.
575 1484 653 1551 Cum
678 1488 781 1550 autem
815 1503 833 1550 a
864 1483 1020 1568 primariis
1043 1487 1144 1550 tutam
1163 1485 1334 1550 Turcarum
1357 1503 1408 1566 po-

48 1572 181 1635 tentiam
207 1574 238 1636 et
266 1573 329 1638 uim
361 1591 517 1638 armorum
533 1573 583 1640 ·in
615 1573 737 1637 restrae
768 1572 905 1638 familiae
936 1572 1086 1637 excidium
1119 1591 1156 1638 ac
1186 1573 1283 1638 totius
1305 1573 1408 1656 gentis

48 1659 173 1724 nostrae
192 1661 433 1726 destructionem
457 1660 580 1726 omniuo
614 1679 680 1725 esse
712 1661 864 1725 intentam
888 1660 1081 1743 agnouerim,
1107 1678 1161 1743 pro
1184 1661 1327 1725 consulto
1350 1660 1408 1724 ha-

47 1747 108 1826 bui,
134 1747 224 1812 nobis
247 1749 433 1832 tempestiue
451 1766 611 1832 procreare
633 1749 758 1813 modum
789 1748 1041 1826 conseruationis,
1066 1747 1113 1812 uti
1139 1749 1171 1813 et
1194 1748 1313 1813 obtinui
1337 1766 1410 1812 oon·

47 1834 179 1901 ditiones
195 1837 261 1900 tam
280 1834 465 1902 fauorabiles
488 1839 521 1901 et
544 1837 695 1920 gratiosas
712 1855 766 1920 pro
782 1837 949 1921 augmento
967 1855 1040 1900 suae
1057 1835 1252 1901 celsissimae
1268 1834 1409 1901 familiae

47 1941 80 1986 ae
103 1922 184 1987 bono
208 1924 338 2006 patriae,
375 1923 455 2006 quod
489 1925 528 1988 ad
560 1924 780 1990 sufficientiam
807 1943 880 2008 prae
905 1924 1017 2007 gaudio
1040 1924 1191 2006 explicare
1226 1942 1285 1988 non
1309 1923 1408 1988 valeo.

49 2009 143 2074 blodo
166 2031 221 2094 per
246 2011 427 2076 mandatum
453 2013 568 2076 summi
599 2013 795 2095 imperatorie
828 2013 860 2076 in
883 2010 1032 2076 Candiam
1056 2011 1094 2074 ad
1119 2028 1297 2094 supremum
1320 2011 1411 2076 Veni·

46 2098 126 2162 rium
152 2099 307 2164 discedere
327 2099 432 2178 debeo,
457 2100 526 2164 indo
550 2099 647 2164 denno
679 2099 739 2164 huc
764 2118 942 2165 reuersurus
967 2116 1020 2181 pro
1044 2098 1190 2163 ultimate
1212 2117 1313 2162 rerum
1338 2115 1410 2162 con·

47 2185 194 2250 elusione.
230 2187 358 2251 Interim
396 2187 501 2252 excell.
532 2188 610 2252 uest.
642 2186 685 2251 sit
716 2188 795 2252 laeto
826 2189 938 2265 animo,
971 2205 1027 2268 ego
1061 2186 1207 2252 contectis
1227 2186 1319 2250 rebus
1342 2186 1407 2250 sine

47 2291 132 2336 mora
157 2275 291 2356 patriam
313 2277 449 2357 repetere
473 2275 635 2340 conabor.“

153 2361 325 2427 intellectis
349 2362 397 2427 hie
421 2361 668 2427 circumstantiis
692 2361 890 2446 interrogaui,
915 2380 1067 2444 quaenam
1092 2379 1164 2444 ergo
1181 2363 1263 2428 osset
1278 2360 1410 2426 intentio

45 2447 171 2514 comitis
195 2449 277 2529 bani,
304 2451 354 2514 uel
377 2449 461 2514 illius
485 2449 689 2534 ablegationis
722 2469 816 2516 causa
848 2453 976 2528 extaret,
1007 2449 1134 2532 quaesi
1159 2467 1217 2514 non
1241 2448 1410 2514 teudiderit

45 2537 75 2599 in
99 2536 251 2602 damnum
274 2537 525 2617 christianitatis,
557 2538 607 2602 uel
637 2538 859 2620 praeiudicium
892 2537 1036 2616 caesarie,
1061 2537 1194 2602 libenter
1217 2537 1409 2601 consentiam

45 2624 284 2690 demandationi.
321 2625 419 2709 Super
452 2626 511 2691 hoc
549 2627 709 2690 traxerunt
743 2626 946 2708 suspicionem
980 2627 1012 2690 et
1042 2625 1129 2708 quasi
1161 2625 1409 2689 obmutescentes

43 2713 280 2794 responderunt,
305 2731 337 2778 se
360 2715 481 2796 praeter
505 2713 567 2778 ieta
595 2713 640 2778 nil
663 2713 773 2778 habere
796 2714 828 2777 in
850 2713 1025 2778 commissis
1049 2712 1251 2797 significandi.
1278 2709 1329 2776 Sic
1350 2711 1410 2776 lui·

48 2819 118 2864 mus
143 2800 318 2884 segregati:
342 2801 389 2866 illi
414 2819 470 2866 sua
492 2801 552 2878 via,
577 2819 634 2885 ego
659 2819 728 2866 mea
751 2801 876 2865 domum
903 2800 987 2864 redii.
1446 2803 1449 2808 '

156 2888 300 2954 Euolutis
322 2893 427 2953 autem
451 2888 568 2971 aliquot
596 2888 776 2970 septimanis
807 2907 877 2952 cum
909 2905 964 2952 nec
981 2887 1095 2954 lineam
1127 2890 1298 2954 obtinerem
1321 2905 1338 2952 a
1360 2905 1410 2952 cu·

50 2976 127 3040 mite
154 2975 242 3054 bano,
267 2977 375 3041 anxins
399 2976 436 3042 de
460 2975 516 3041 illa
538 2978 754 3060 negotiatione,
779 2975 921 3059 expedint
943 2977 1088 3041 comitem
1113 2975 1249 3041 Orffenm
1274 2976 1410 3058 Frange·

49 3081 155 3145 panes,
180 3066 216 3128 ut
238 3065 365 3128 accedat
387 3062 546 3128 dominum
578 3065 700 3142 bunum,
730 3067 760 3128 et
791 3082 846 3129 sua
877 3064 1059 3129 dexteritate
1083 3063 1198 3148 aliquid
1217 3064 1294 3128 certi
1316 3083 1351 3128 ex
1375 3081 1409 3127 eo

52 3153 165 3216 rescire
188 3155 325 3218 conetur.
349 3153 412 3216 Iste
440 3153 490 3218 vix
519 3171 574 3235 par
598 3153 661 3217 tres
690 3149 739 3215 uel
772 3153 904 3234 quatuor
934 3151 999 3216 dies
1023 3151 1251 3218 Oiahathuruae
1274 3169 1411 3215 commo·

50 3256 131 3314 rans,
156 3239 280 3304 interim
305 3239 447 3324 peruenit
468 3239 619 3305 certitudo
643 3239 802 3304 dominum
827 3240 1027 3325 Bulouatslry
1049 3241 1155 3304 nostra
1181 3241 1243 3303 iam
1261 3237 1411 3319 attegiese

52 3326 194 3396 confinia,
218 3327 279 3391 fuit
301 3327 481 3392 immediate
505 3329 663 3405 remissus,
692 3329 727 3391 ut
750 3328 816 3391 sine
839 3327 987 3409 temporis
1010 3325 1247 3402 intermissione,
1269 3325 1411 3388 omnibus

52 3415 196 3498 sepositis
221 3434 271 3479 mc
293 3415 324 3480 in
347 3433 478 3498 persona
508 3435 543 3480 eo
574 3415 739 3481 conteram.
775 3415 831 3479 Fui
863 3414 987 3497 quidem
1011 3415 1100 3479 ualde
1123 3413 1296 3497 perplexus,
1320 3409 1412 3474 eundi

52 3502 101 3567 uel
129 3519 190 3566 non
214 3503 315 3581 eundi,
335 3505 473 3568 attamen
500 3502 617 3568 ratione
640 3504 846 3584 penetrandae
878 3505 921 3566 rei
947 3502 1086 3566 veritatis
1110 3503 1169 3566 iter
1191 3499 1322 3582 suscepi.
1346 3497 1411 3562 Au-

54 3589 180 3654 ueniene
204 3590 241 3655 ad
266 3609 358 3655 uuam
391 3608 493 3656 meam
526 3609 639 3668 arcem,
671 3590 831 3673 Nouigrad
868 3591 1020 3668 uocatam,
1051 3589 1164 3672 reperii
1196 3588 1318 3653 litteras
1342 3603 1409 3668 cap.

52 3675 182 3756 Ciolniz,
214 3677 382 3761 inquibus
406 3677 611 3762 significabat,
635 3679 798 3742 aduenisse
816 3678 940 3760 quidem
965 3677 1047 3741 dom.
1071 3676 1279 3760 Bnlrowatslry
1295 3674 1412 3739 felicis·

52 3764 142 3830 simis
158 3765 400 3848 expeditionibus
417 3766 454 3830 ad
472 3767 644 3831 nostrarum
659 3765 822 3848 (partium)
839 3765 1016 3842 confinium,
1040 3783 1131 3848 quam
1150 3763 1287 3846 primum
1305 3763 1411 3826 autem

52 3853 77 3916 ei
102 3853 238 3918 innotuit
260 3857 364 3919 extare
383 3871 539 3919 caesareos
556 3855 677 3920 ordines
700 3853 801 3935 ipsum
825 3853 975 3934 capiendi,
1000 3855 1032 3916 et
1055 3869 1104 3916 me
1127 3869 1200 3916 snae
1225 3848 1410 3933 negotiatia-

52 3940 147 4006 tionis
170 3942 340 4021 conscium,
364 3961 456 4026 quem
480 3959 602 4024 semper
624 3941 674 4005 uel
697 3941 831 4006 maxime
854 3940 1009 4016 horrebat,
1034 3939 1219 4004 indesienter
1244 3941 1293 4002 eet
1308 3954 1412 3999 reuer-

53 4047 104 4094 sus
135 4031 165 4094 in
197 4028 331 4094 ditiones
361 4028 515 4106 Turoicas,
549 4029 753 4094 nihilominus
781 4047 836 4092 sua
868 4030 958 4111 pacta
988 4047 1043 4110 per
1072 4027 1231 4092 dominum
1264 4021 1412 4106 Pogrediz

52 4117 161 4182 comiti
184 4119 263 4183 bano
283 4117 428 4182 nunciare
451 4115 582 4194 curauit,
606 4116 659 4181 ubi
684 4117 787 4181 omnia
807 4117 932 4181 uberius
956 4116 1131 4199 intelligere
1154 4116 1270 4198 potero.
1310 4111 1408 4175 Istam

52 4203 88 4268 de
113 4224 164 4271 me
186 4204 343 4288 uigentem
361 4205 568 4288 suspicionem
584 4204 786 4280 consideraui,
811 4205 937 4286 ipsimet
952 4204 1080 4269 seruitio
1096 4222 1169 4268 suae
1186 4197 1411 4268 sacratissimae

52 4293 214 4358 maestatis
237 4311 358 4358 summe
376 4293 547 4370 obnoxiam,
572 4311 627 4358 nec
650 4291 727 4358 sciui
751 4291 813 4357 alio
837 4292 926 4357 modo
949 4290 1083 4357 errellere
1106 4291 1203 4354 talem
1219 4285 1411 4354 difidentiem

52 4385 82 4443 et
104 4379 227 4446 facilius
250 4381 388 4464 ipsorum
411 4380 569 4446 effectiuas
593 4384 753 4463 penetrare
780 4397 869 4462 posse
900 4379 1155 4454 machinationes,
1181 4375 1240 4440 nisi
1263 4375 1412 4458 figmento

52 4468 245 4549 quarundam
267 4469 501 4534 temerariarum
524 4468 687 4532 literarum
710 4470 816 4533 contre
839 4485 1013 4550 supremam
1030 4465 1163 4531 caesaris
1180 4461 1412 4539 authoritatem,

51 4572 87 4618 ac
110 4559 283 4639 respectum
309 4557 411 4640 gentis
436 4573 611 4640 germanae,
633 4556 678 4620 uti
702 4559 734 4619 et
757 4555 932 4638 conscripsi,
967 4553 1064 4618 tatem
1087 4550 1330 4617 clementissime
1354 4551 1413 4614 im·

51 4649 182 4726 perator,
206 4644 355 4710 netandae
379 4643 468 4726 plane
492 4661 529 4708 sc
552 4643 684 4727 iniquas,
709 4644 761 4708 sed
786 4643 877 4708 deum
902 4644 1008 4720 testor,
1034 4659 1093 4706 nou
1117 4659 1153 4703 ex
1176 4637 1280 4704 animo
1295 4637 1414 4702 delibe-

51 4735 118 4796 rato
143 4731 194 4797 uel
219 4731 356 4815 maligno
389 4749 476 4796 suam
509 4731 765 4814 angustissimam
792 4731 988 4796 maiestatem
1022 4727 1205 4806 offendendi,
1237 4727 1269 4791 et
1296 4725 1415 4810 gloriae
