3296 5276
96 287 295 416 're

226 527 311 594 nent.
335 523 525 608 conscriptio
547 525 704 594 uriarum
736 545 840 594 rerum
862 526 895 592 in
919 525 1164 612 propugnaculo:
1199 525 1332 610 Lapides
1365 524 1440 592 salis
1464 524 1581 591 insonti

228 617 302 684 sunt
324 613 385 690 24;
419 613 495 680 item
518 613 550 680 in
575 615 709 699 quadam
741 617 821 688 cista
855 616 1062 682 instrumenta
1096 614 1176 682 fabri
1209 614 1335 699 lignarii
1368 615 1476 680 dietus
1500 614 1584 678 dicta

230 703 289 782 10;
312 701 389 768 item
411 701 490 768 cista
506 704 663 770 clavorum
680 721 733 784 pro
749 705 832 769 tecto
857 703 890 782 li
913 704 989 768 item
1012 703 1090 770 cista
1112 704 1203 788 plena
1223 703 1421 770 candelarum
1445 719 1501 784 pro
1524 719 1583 766 usu

229 789 407 877 quotidiano
433 791 468 867 l;
505 789 581 856 item
606 791 709 856 mellis
735 791 854 858 tunella
875 792 993 870 media;
1026 793 1103 858 item
1126 792 1165 856 de
1186 792 1276 858 droth
1304 790 1420 856 cumuli
1444 792 1483 866 23
1506 789 1582 854 ferri

229 878 395 948 centenarii
419 878 457 954 23
490 879 565 945 item
589 880 714 962 ligones
741 880 833 945 ferrei
856 879 886 959 3,
911 899 964 962 pro
986 883 1088 946 aratro
1110 878 1281 946 summonte
1302 879 1343 954 3;
1377 881 1453 943 ibam
1476 877 1582 942 mollis

229 985 303 1034 uasa
325 965 487 1049 stertinjalr
502 968 585 1034 dicta
600 967 692 1050 plena
714 967 752 1044 4;
776 969 935 1034 damarum
951 967 1048 1051 pelles
1067 969 1116 1050 16,
1140 967 1237 1051 pallos
1257 967 1423 1032 bubulinae
1446 967 1583 1031 minores

230 1055 269 1134 6;
285 1057 361 1120 item
383 1053 480 1136 pelles
496 1055 603 1122 ovinae
625 1054 656 1133 2,
680 1055 829 1122 bubalina
840 1056 930 1140 pellis
946 1073 1059 1140 magna
1085 1060 1117 1133 l;
1141 1056 1219 1122 item
1242 1057 1359 1135 cunae,
1382 1055 1528 1137 caprinae
1551 1058 1582 1118 et

229 1143 379 1210 vitulinae
402 1143 543 1208 inventae
576 1147 650 1209 sunt
674 1143 746 1208 146.
772 1179 812 1190 -
837 1143 989 1210 Currus
1014 1146 1196 1228 conscripti:
1233 1143 1384 1226 Carpenta
1406 1159 1523 1226 magna
1545 1144 1584 1220 23

229 1231 307 1297 item
330 1247 439 1296 currus
462 1248 557 1298 novus
580 1249 713 1316 magnus
737 1231 826 1297 trochi
849 1231 951 1298 dictus
977 1231 1017 1308 l;
1041 1232 1118 1298 item
1134 1232 1213 1298 alter
1234 1249 1343 1298 currus
1365 1231 1455 1296 locbi
1480 1229 1583 1294 dictus

232 1321 266 1398 13
290 1319 367 1384 item
390 1337 501 1386 currus
534 1320 631 1404 locuy
653 1339 708 1403 par
742 1321 865 1386 modum
901 1321 987 1388 naris
1021 1319 1180 1396 iactns1;
1217 1320 1292 1386 itam
1326 1337 1434 1386 currus
1459 1317 1586 1402 tonyba

230 1407 331 1492 kocby
354 1405 434 1470 dicti
454 1407 559 1492 magni
583 1415 621 1486 23
646 1409 722 1474 item
744 1426 850 1474 currus
866 1409 965 1492 locby
987 1427 1042 1491 pro
1064 1408 1181 1474 dnobus
1197 1409 1284 1492 cquis
1305 1425 1420 1492 paruus
1446 1408 1473 1470 l.
1496 1405 1585 1470 Aliae

231 1497 339 1562 deinde
361 1513 411 1562 res
435 1495 566 1562 mobiles
587 1497 619 1562 in
639 1498 869 1566 conservatione
906 1495 1081 1579 suprafatae
1115 1497 1256 1564 dominae
1274 1496 1452 1562 comitissae
1477 1495 1585 1559 uiduae

230 1583 407 1661 enatantes,
469 1584 500 1648 st
522 1583 639 1650 abitum
663 1584 841 1650 comitissas
864 1583 990 1649 Patria
1012 1584 1116 1650 Zrinio
1146 1583 1357 1664 conthoralis„
1376 1583 1466 1648 uobis
1500 1601 1585 1647 reso·

231 1671 314 1738 latae
338 1687 374 1736 ac
395 1670 428 1735 ta
442 1671 502 1735 iter
524 1672 717 1756 conscriptae
739 1674 772 1738 et
793 1671 989 1738 inuentatae:

337 1757 427 1826 Anno
449 1757 568 1828 domini
593 1758 687 1824 1670.
711 1759 759 1825 die
791 1761 843 1826 21.
868 1759 1021 1829 mensis
1054 1759 1157 1826 iulii
1179 1761 1212 1824 in
1234 1777 1303 1826 arce
1326 1757 1598 1825 Chattornia-

232 1865 287 1932 per
309 1845 439 1914 Petrum
461 1847 631 1934 haematy
653 1849 685 1913 st
707 1841 906 1915 Franciscum
943 1847 1131 1931 Spoliaricb,
1158 1867 1231 1914 snae
1265 1846 1497 1913 sacratissimae
1520 1863 1584 1911 ma·

176 2017 178 2024 ¹
229 1933 355 2020 jactatis
376 1933 443 2000 fisci
465 1935 541 2018 rogii
558 1936 777 2016 mandatarius,
802 1935 956 2017 praesenti
975 1937 1098 2020 egregio
1119 1935 1274 2019 Stephano
1297 1933 1427 2014 dodino,
1451 1933 1584 2000 indliunn

233 2024 378 2090 comittus
412 2021 603 2114 mladiensis,
627 2025 658 2090 et
681 2024 886 2106 infrascriptis
908 2023 1065 2090 nobilibus
1093 2023 1177 2090 facta
1197 2027 1247 2090 ost
1276 2024 1461 2106 conscriptio
1484 2027 1517 2088 et
1539 2023 1584 2086 iu·

233 2111 372 2178 uenatio
395 2127 497 2176 rerum
520 2110 682 2178 mobilium
711 2111 860 2179 comitum
881 2111 966 2177 Petri
989 2131 1007 2178 a
1029 2109 1136 2178 Zrinic
1157 2113 1190 2178 et
1225 2111 1413 2178 conthoralis
1434 2111 1582 2195 aJnsdem,

234 2197 374 2284 alioquin
405 2199 438 2262 in
471 2200 699 2266 conservatione
734 2201 766 2265 et
798 2199 951 2284 potestate
988 2198 1141 2282 praefatae
1178 2199 1407 2266 illustrissimae
1441 2200 1583 2264 dominae

232 2286 409 2354 comitissae
432 2286 541 2354 uiduae
574 2287 734 2353 Zrinianae
766 2287 969 2369 repositarum
992 2289 1024 2352 et
1057 2287 1286 2370 producturum.
1324 2289 1361 2352 ln
1383 2286 1463 2353 cista
1485 2289 1584 2371 prima

168 2433 170 2436 .
233 2377 324 2460 nigra
353 2373 435 2458 pelle
468 2375 600 2440 obducta
637 2375 762 2458 majori:
797 2376 907 2458 primo,
941 2373 1058 2440 tramea
1088 2393 1161 2442 oum
1195 2376 1354 2442 manubrio
1388 2393 1424 2440 ex
1454 2374 1584 2458 Jaspide,

233 2461 377 2549 tyrlisiis
399 2464 430 2527 et
452 2462 582 2541 rabinis,
604 2465 802 2547 granatisqne
824 2481 896 2530 auro
919 2463 983 2528 sire
1012 2465 1141 2547 argento
1164 2464 1324 2534 elaborata
1346 2465 1378 2528 et
1402 2465 1522 2536 ornata,
1557 2463 1586 2525 in

234 2570 294 2636 quo
316 2548 439 2616 nonnisi
462 2549 496 2614 in
527 2551 652 2635 cuspide
674 2552 706 2616 et
739 2551 937 2618 extremitate
971 2552 1080 2618 umens
1099 2555 1130 2616 at
1152 2551 1273 2618 medius
1295 2549 1383 2618 deest
1414 2553 1447 2616 ot
1468 2550 1587 2615 deside-

234 2642 321 2706 ratur
343 2637 433 2719 lapis,
459 2637 579 2704 noviter
598 2637 758 2704 elaboratu
779 2657 850 2704 oum
873 2639 952 2704 terro
970 2639 1161 2706 damasceno.
1184 2639 1221 2706 2,
1236 2641 1297 2706 alia
1320 2638 1436 2705 tramea
1458 2642 1584 2721 argento

233 2727 375 2794 inaurato
398 2724 542 2801 obducta,
564 2726 629 2792 lata
650 2744 720 2797 cnm
743 2727 846 2811 lapide
868 2719 997 2810 granato
1020 2729 1084 2794 sire
1106 2729 1276 2810 sanguineo
1298 2726 1413 2793 ninstin
1437 2727 1531 2805 dicto,
1555 2728 1586 2790 in

233 2814 396 2882 manubrio
420 2812 561 2897 ejusdem
578 2813 712 2880 frameae
730 2814 836 2880 habito
860 2819 981 2882 etcum
999 2835 1075 2882 cona
1096 2817 1212 2886 seriem
1227 2815 1370 2882 caerulea
1392 2817 1463 2881 nori
1488 2815 1585 2898 operis

235 2921 306 2970 cum
330 2901 437 2967 ierrro.
461 2900 491 2964 3.
516 2901 650 2968 Framea
684 2921 756 2968 oum
789 2904 871 2970 terro
904 2905 1093 2978 damasceno,
1128 2907 1255 2988 argento
1288 2903 1358 2968 albo
1390 2906 1422 2970 et
1454 2905 1487 2969 iu
1509 2902 1585 2968 rosis

236 2992 382 3057 deamata
419 2987 564 3069 obducta,
599 2990 781 3074 antiquioris
814 2991 931 3058 laboris
965 3008 1036 3058 cum
1070 2990 1166 3056 simili
1200 2994 1316 3060 sericea
1337 3009 1422 3057 rona.
1446 2993 1479 3056 4.
1503 2992 1587 3056 Duae

235 3077 379 3162 aequales
412 3077 546 3144 bamoae
569 3079 634 3144 sivo
657 3080 788 3146 chordae
818 3080 938 3147 nouiter
958 3078 1060 3146 factae
1082 3080 1260 3164 et'argento
1284 3081 1435 3156 inaurato,
1460 3080 1494 3144 in
1522 3099 1584 3143 ma·

235 3167 355 3233 nubriis
378 3168 411 3232 et
431 3165 683 3232 extremitatibus
705 3169 826 3250 copiose
854 3167 1090 3244 circumductae,
1122 3167 1153 3231 in
1177 3186 1307 3251 quarum
1330 3167 1500 3250 cujuslibet
1523 3185 1586 3232 ma·

236 3255 344 3322 nubrio
367 3255 479 3320 similis
504 3253 583 3339 lapis
606 3256 697 3321 ruber
721 3255 882 3322 Pluostein
911 3255 1021 3320 dictus.
1039 3257 1180 3332 babetur,
1209 3274 1279 3322 cum
1302 3257 1398 3321 coreis
1422 3258 1488 3321 siue
1510 3256 1586 3337 liga·

235 3343 370 3408 minibus
393 3361 429 3406 ex
445 3343 579 3426 bagaria,
604 3343 718 3410 farrum
741 3345 846 3410 autom
868 3343 1028 3427 utriusque
1051 3343 1100 3410 vel
1115 3343 1334 3410 damascenum
1351 3343 1401 3409 rel
1423 3345 1583 3409 turcicum.

235 3431 267 3496 b.
290 3431 422 3496 Framea
445 3434 572 3513 argento
594 3433 738 3498 inaurato
770 3431 927 3498 elaborata
960 3449 1041 3498 nora
1062 3431 1179 3498 babens
1213 3433 1408 3498 manubrium
1430 3451 1466 3497 ex
1490 3441 1581 3498 cornu

236 3517 361 3602 bubaly,
384 3517 500 3583 forrum
522 3518 675 3585 turcicum
704 3523 736 3584 et
758 3538 831 3586 nona
864 3538 941 3586 nora
972 3520 1088 3585 sericea
1126 3519 1276 3586 caerulea.
1311 3519 1341 3584 6.
1364 3521 1498 3585 Fremea
1519 3538 1584 3585 cnm

231 3607 318 3682 tarro
340 3607 533 3685 damasceno,
569 3607 601 3670 in
623 3626 683 3690 qua
705 3608 765 3672 duo
800 3607 926 3691 tyrtissi
961 3607 992 3671 et
1012 3625 1090 3674 nnus
1124 3607 1215 3672 rubin
1253 3607 1354 3690 lapilli
1387 3609 1486 3672 eidem
1510 3607 1584 3673 ferro

236 3693 387 3780 impositi,
410 3693 555 3760 imediate
578 3695 771 3778 praecedenti
806 3694 986 3772 consimilis,
1021 3697 1144 3778 praeter
1178 3713 1302 3761 crucam
1333 3696 1365 3761 st
1387 3695 1581 3762 manubrium

238 3783 332 3849 etiam
355 3801 391 3848 ex
413 3783 639 3862 cornu-bubali,
663 3802 736 3848 crux
758 3801 829 3848 vero
845 3785 991 3868 argentea
1006 3783 1125 3866 antiqui
1148 3782 1259 3872 operis,
1282 3781 1315 3848 in
1337 3783 1580 3850 extremitatibus

237 3870 337 3937 solnm
360 3870 479 3954 pridem
500 3871 641 3937 inaurata
661 3871 727 3937 sine
747 3871 830 3936 omni
863 3872 998 3954 ligatura
1020 3875 1051 3936 et
1074 3889 1158 3938 zona.
1184 3871 1213 3935 i.
1235 3867 1391 3943 Frumea,
1411 3871 1500 3954 cnjus
1526 3888 1584 3934 ma·

239 3960 384 4025 nubrium
408 3961 439 4024 et
460 3960 670 4026 extremitates
693 3962 821 4044 argento
844 3959 986 4026 inaurato
1010 3960 1161 4026 obductae
1184 3957 1403 4038 contionum
1426 3960 1581 4032 turcicum,

238 4066 313 4114 nona
337 4047 478 4113 caerulea
494 4048 609 4113 sericea
623 4047 675 4112 sed
690 4049 722 4111 et
741 4065 811 4112 cum
828 4045 944 4117 tramea
960 4048 1063 4113 atrita.
1088 4047 1117 4113 8.
1137 4048 1266 4114 Framea
1288 4048 1319 4111 iu
1341 4047 1583 4114 extremitatibus

238 4137 271 4202 et
287 4155 341 4220 per
358 4137 458 4200 totum
471 4135 664 4200 manubrium
681 4135 713 4198 in
729 4139 885 4218 portarurn
900 4135 1131 4220 iormaantiqua
1149 4137 1276 4218 argento
1286 4134 1434 4212 inaurato,
1448 4135 1581 4208 obducta

180 4285 183 4290 .
240 4243 309 4290 oum
326 4223 463 4307 ligatura
477 4223 622 4289 similiter
637 4228 764 4306 argento
775 4223 922 4303 inaurato,
945 4225 977 4288 in
990 4225 1082 4289 certis
1098 4225 1173 4289 locis
1187 4229 1294 4288 ornato
1306 4241 1375 4288 cunr
1388 4224 1467 4290 ferro
1478 4222 1582 4304 iringis

237 4332 373 4402 gemma.
383 4311 413 4378 9.
424 4312 509 4376 Duae
520 4312 660 4395 aequales
672 4311 735 4376 fere
746 4312 881 4379 frameae
892 4315 1019 4396 argento
1029 4312 1170 4378 inaurato
1181 4311 1214 4376 in
1226 4311 1299 4376 locis
1311 4312 1423 4380 debitis
1434 4311 1582 4388 obductae,

240 4407 392 4487 ligaturas
416 4417 523 4464 earum
546 4401 689 4482 aequales
712 4403 744 4464 ot
767 4418 856 4465 coreo
880 4403 1006 4483 argento
1029 4399 1170 4466 inaurato
1198 4406 1331 4477 ornatae,
1363 4400 1454 4466 unius
1476 4399 1582 4466 serrum

240 4491 402 4567 turcicum,
426 4487 511 4553 aliud
533 4486 628 4555 latios
659 4487 823 4570 antiquum
845 4484 969 4568 serrum.
1005 4487 1051 4550 10.
1076 4487 1205 4552 Fremea
1227 4486 1448 4568 simplioissimi
1472 4486 1581 4570 antiqui

239 4579 339 4662 operis
354 4579 481 4658 argento
497 4576 578 4640 sicut
592 4577 625 4641 et
639 4574 718 4640 corel
729 4575 863 4659 ligatura
873 4575 1021 4652 inaurato,
1045 4573 1169 4658 quidem
1183 4578 1291 4642 ornata
1305 4575 1359 4640 sed
1380 4575 1469 4642 valde
1484 4577 1583 4640 attrita

241 4686 312 4732 cum
329 4666 409 4729 ferro
431 4665 556 4729 turcico.
585 4667 633 4729 11.
650 4663 780 4728 Framoa
803 4681 872 4728 oum
891 4662 1107 4746 serroantiqno
1125 4663 1235 4741 breuis,
1258 4663 1328 4729 albo
1349 4667 1476 4746 argento
1491 4662 1582 4748 prouti

241 4757 274 4824 et
295 4754 359 4838 liga
388 4751 524 4835 ejusdem
554 4768 696 4818 coreacoa
728 4751 911 4836 simpliciter
941 4753 1057 4820 ornata.
1095 4751 1290 4848 ragalim
1320 4751 1442 4836 pulchri
1475 4749 1583 4835 antiqui
