3286 5260
1348 359 1413 424 339

145 530 196 594 En
218 530 302 610 Tibi,
327 529 559 612 augustissime
583 529 710 595 Caesar!
735 547 840 593 veram
863 530 973 594 seriem
1009 549 1067 595 uon
1097 530 1220 595 tantum
1251 530 1327 596 facti
1360 531 1414 596 sed

52 619 77 681 et
95 617 279 682 intimarum
302 636 440 682 mearum
464 618 681 694 intentionum,
705 619 736 681 io
760 617 872 700 quibus
897 636 1004 700 parum
1028 619 1082 684 aut
1107 618 1185 682 nihil
1208 637 1257 683 me
1285 637 1411 702 pecasse

52 722 119 780 reor,
143 705 270 770 etiamsi
295 705 334 770 ad
358 707 499 788 optatam
521 705 713 770 devenissem
737 723 873 787 scopum,
895 704 1015 769 scilicet
1039 705 1064 769 si
1088 723 1144 789 ego
1174 707 1410 786 promotionem,

51 791 173 858 officium
192 797 257 862 ,aut
279 812 390 858 munus
410 792 576 876 quodpiam
601 793 721 874 insigne
744 810 762 856 a
786 793 897 858 Vestra
918 793 1085 858 Maiestate
1108 795 1164 857 hoc
1188 794 1413 878 stratagemate

54 880 255 962 extensionem,
277 880 309 945 id
331 879 420 945 credo
444 899 499 964 ego
523 881 603 964 (sine
624 880 774 963 jactantia
796 881 914 964 tamen)
939 880 1085 945 collatum
1110 880 1221 944 inisset
1243 883 1276 945 in
1311 883 1413 947 virum

50 971 77 1031 et
94 967 246 1034 familiam
267 969 305 1032 de
321 968 491 1050 Republica
513 969 681 1033 christiana
705 970 781 1034 bene
805 968 957 1047 meritam,
982 970 1014 1032 et
1036 987 1114 1051 quae
1132 967 1191 1033 fide
1215 970 1246 1032 in
1270 969 1415 1035 Austria-

54 1074 98 1120 cos
116 1056 196 1120 nulli
221 1075 358 1137 unquam
391 1056 503 1130 cessit;
528 1074 585 1140 ego
608 1057 703 1138 igitur
726 1075 782 1121 nec
814 1073 954 1138 pecarem
990 1057 1162 1139 recipiendo
1195 1075 1252 1122 nec
1285 1058 1415 1122 Vestrae

55 1143 205 1208 Maiestati
231 1141 399 1208 Caesareae
422 1145 511 1208 fieret
535 1142 758 1226 praejudicium
782 1143 974 1208 conferendo.

151 1229 300 1314 Agnosco
324 1233 428 1296 tamen
451 1235 484 1296 et
518 1233 664 1314 experior,
701 1250 757 1295 nec
792 1231 871 1295 serio
908 1249 964 1296 nec
994 1231 1064 1315 J‘oco
1098 1232 1316 1314 paciscendum
1349 1251 1417 1299 esse

54 1335 117 1381 cum
140 1319 281 1400 principe
304 1320 359 1384 aut
387 1337 457 1384 cum
484 1337 520 1384 eo
544 1319 691 1383 ineundas
725 1320 925 1384 conditiones.
950 1318 981 1384 Si
1013 1320 1043 1383 id
1075 1321 1178 1385 tamen
1212 1321 1329 1385 crimen
1363 1323 1414 1400 sit,

51 1409 124 1469 certe
141 1425 202 1470 non
224 1407 309 1472 lesae
327 1405 514 1482 Maiestatis,
537 1425 595 1470 non
612 1407 841 1489 perduellionis,
867 1424 926 1471 non
946 1407 1101 1491 perfidiae,
1125 1410 1182 1472 aut
1205 1406 1415 1474 infedillitatis
1480 1446 1482 1450 ι

52 1492 163 1558 crimen
188 1499 252 1569 est;
276 1493 330 1558 sed
347 1495 466 1559 techna
486 1496 544 1573 est,
568 1495 728 1559 multoties
752 1496 922 1577 practicata
944 1513 962 1558 a
985 1495 1110 1560 vasallis
1135 1496 1230 1560 etiam
1259 1495 1416 1561 fidellissi·

54 1582 117 1658 mis,
140 1583 284 1663 potentia
300 1588 332 1646 et
353 1581 470 1647 invidia
491 1583 682 1646 aemulorum
707 1581 738 1646 in
762 1583 842 1646 Aula
866 1582 1030 1665 oppressis,
1056 1585 1091 1646 ut
1125 1601 1160 1646 ex
1191 1584 1346 1648 veteribus
1383 1585 1415 1648 et

54 1670 275 1734 recentioribus
298 1669 436 1734 historiis
460 1671 599 1752 apprime
623 1673 710 1734 const
731 1671 753 1734 t.
771 1671 812 1734 Et
835 1688 908 1734 sane
928 1669 1022 1734 aliam
1039 1689 1088 1734 me
1110 1670 1149 1735 ob
1171 1672 1248 1736 hanc
1272 1671 1418 1736 intentio-

56 1774 121 1820 rem
157 1775 219 1822 non
253 1757 408 1836 habuisse,
433 1757 624 1822 convincitur
661 1775 753 1840 quam
791 1757 933 1840 plurimis
967 1756 1210 1823 euidentissimis
1244 1758 1365 1824 indiciis
1389 1761 1420 1823 et

54 1845 259 1926 argumentis:
873 1898 876 1906 ι

155 1933 262 1997 Primo
286 1934 335 1997 est
358 1932 437 1998 salsa
458 1933 627 1997 Turcarnm
666 1931 753 2009 fides,
788 1933 865 1997 nulli
904 1951 1041 2016 unquam
1079 1935 1209 2014 servata,
1245 1935 1290 1998 ita
1312 1935 1348 1998 ut
1370 1935 1421 1999 vix

53 2017 138 2083 hodie
161 2023 245 2085 extet
279 2023 429 2085 memoria
451 2019 548 2085 ullius
582 2019 719 2085 familiae
743 2041 778 2085 ex
801 2023 848 2084 tot
875 2021 1059 2098 illustribus,
1084 2041 1160 2104 quae
1184 2042 1217 2086 se
1240 2021 1348 2086 Turcis
1364 2040 1421 2086 un·

52 2125 140 2188 quam
177 2107 422 2183 submisserunt;
457 2107 595 2172 facilitas
626 2107 694 2190 ipsa
727 2109 760 2172 et
774 2107 994 2191 ‘promptitudo
1028 2110 1198 2174 Turcarum
1230 2111 1268 2173 ad
1303 2109 1421 2174 violan-

55 2195 121 2257 dam
152 2213 261 2277 pacem
285 2201 316 2259 et
338 2195 460 2260 foedera
494 2215 564 2260 cum
588 2194 719 2260 Caesare
749 2196 835 2274 inita,
866 2195 944 2260 mihi
978 2201 1161 2279 argumento
1185 2215 1252 2262 esse
1286 2197 1417 2280 poterat,

55 2281 200 2364 majorem
223 2283 257 2347 in
279 2282 452 2348 foederibus
474 2302 595 2348 mecum
617 2283 757 2348 ineundis
776 2301 836 2348 non
856 2283 920 2348 iore
941 2285 1134 2351 firmitatem.

155 2370 187 2435 2.
210 2371 270 2434 Est
289 2373 394 2436 innata
417 2389 487 2435 mea
520 2389 720 2452 meorumque
745 2373 896 2453 majorum
920 2372 1095 2453 antipathia
1120 2390 1190 2436 oum
1212 2371 1332 2449 Turcis,
1368 2389 1419 2436 eo-

55 2474 180 2540 rumque
201 2475 333 2537 mecam,
357 2460 403 2524 tot
426 2459 508 2522 enim
529 2460 694 2541 tantaeque
713 2461 855 2540 acceptae
878 2462 910 2524 et
929 2459 1049 2524 vicisim
1074 2459 1182 2535 illatae
1201 2463 1329 2524 mutuae
1359 2459 1423 2524 cla·

54 2543 105 2608 des
126 2544 220 2610 facile
241 2547 360 2612 animes
385 2549 530 2629 utrinque
563 2547 790 2625 exacerbarent,
815 2565 870 2611 nec
903 2548 1080 2611 diuturnam
1112 2547 1314 2612 admitterent
1343 2547 1421 2612 ami-

57 2632 171 2698 citiam.

158 2721 190 2786 3.
214 2720 274 2785 Est
296 2722 515 2805 imposibilitas
539 2721 606 2804 ipsa
643 2720 810 2805 exequendi
845 2722 999 2787 destinata
1046 2723 1112 2787 sine
1141 2724 1290 2803 comeatu,
1326 2722 1423 2786 armis

57 2809 194 2891 pecunia,
218 2808 329 2887 milite,
354 2811 419 2874 sine
442 2809 717 2888 confoederatione,
758 2811 825 2874 sine
849 2810 915 2874 ulla
948 2829 1072 2894 prorsus
1100 2811 1306 2888 adhaerentia,
1330 2809 1423 2874 ubie

57 2899 159 2961 contra
182 2914 290 2961 omues
310 2898 406 2963 totins
428 2899 511 2963 orbis
535 2896 703 2962 Christiani
725 2899 880 2980 principes
900 2898 970 2976 jure
994 2900 1105 2964 merito
1129 2898 1292 2964 habiturus
1324 2915 1424 2963 essem

59 3003 111 3065 pro
133 2984 285 3050 hostibus.

157 3073 190 3136 4.
211 3072 462 3153 imperceptibile
485 3076 543 3152 est,
569 3073 703 3140 voluisse
724 3092 773 3137 mo
804 3073 958 3138 illibatam
994 3073 1129 3138 familiae
1164 3093 1250 3140 meae
1273 3073 1367 3139 fidem
1391 3071 1423 3137 et

58 3159 185 3242 gloriam
220 3163 269 3224 tot
313 3159 443 3226 heroicis
475 3163 572 3245 gestis
603 3163 817 3254 confirmatam
849 3162 914 3225 tam
946 3158 1032 3225 ioede
1056 3165 1087 3227 et
1120 3162 1238 3227 ludicre
1273 3162 1424 3227 contami·

60 3267 155 3313 nasse.

158 3337 191 3400 5.
214 3335 267 3401 Me
285 3339 371 3419 regni
407 3356 545 3420 proceres
579 3339 633 3402 ant
657 3337 772 3401 uicinos
802 3355 886 3402 nreos
910 3336 942 3398 iu
967 3355 1051 3400 meas
1085 3339 1188 3418 partes
1215 3355 1273 3401 non
1309 3335 1426 3400 sollici-

59 3427 148 3502 tasse,
163 3426 229 3488 sine
252 3443 383 3507 quorum
407 3427 587 3490 assistentia
605 3428 715 3510 *tamen
739 3424 817 3488 nibil
841 3427 908 3491 fieri
935 3426 1047 3504 posset.
1072 3424 1157 3500 Quod
1186 3427 1289 3488 autem
1311 3425 1349 3488 do
1376 3441 1426 3488 co·

58 3515 131 3578 mite
153 3513 346 3577 Tattenbach
370 3513 505 3577 dicitur:
532 3515 599 3578 volo
623 3531 680 3594 ego
705 3531 903 3594 quascunque
934 3511 1150 3594 imaginabiles
1174 3529 1286 3593 poenas
1309 3513 1423 3590 subire,

59 3602 84 3664 si
108 3619 243 3682 unquam
268 3617 337 3665 cum
360 3620 394 3665 eo
418 3601 585 3683 quidquam
607 3600 859 3684 prejudiciosum,
885 3603 977 3666 verbo
1001 3601 1054 3664 aut
1080 3599 1187 3676 literis,
1214 3601 1423 3678 tractaverim,

59 3693 110 3752 ant
133 3689 187 3753 iile
211 3706 351 3764 mecum;
375 3688 534 3770 fateorque
557 3689 700 3770 ingenue,
726 3689 752 3752 si
778 3690 892 3753 malam
918 3688 1014 3754 ullam
1039 3688 1091 3750 aut
1126 3688 1248 3750 noxiam
1279 3687 1426 3752 intentio·

59 3795 127 3840 nem
151 3776 340 3854 habuissem,
364 3795 432 3840 eam
455 3777 563 3840 comiti
586 3775 765 3857 Tatenpach
789 3795 848 3840 uon
872 3777 1166 3849 communicassem
1191 3775 1218 3838 si
1240 3775 1293 3838 ille
1321 3778 1426 3839 autem

61 3863 136 3928 alies
160 3865 366 3947 cogitationes
389 3863 507 3934 habuit.
533 3867 588 3929 aut
611 3862 660 3947 (ut
685 3863 797 3947 fertur)
824 3865 899 3929 mihi
923 3863 1082 3945 scripserit
1114 3861 1232 3940 literas,
1268 3880 1345 3944 quas
1368 3881 1424 3944 ego

60 3969 117 4016 uon
143 3951 254 4034 recepi,
280 3950 310 4015 id
334 3953 416 4016 certe
441 3971 490 4015 me
514 3953 601 4028 latet,
626 3950 739 4014 viderit
764 3952 839 4032 ipse.

163 4040 194 4103 6.
219 4039 272 4102 Me
295 4040 397 4120 ipsum
420 4039 556 4121 primum
581 4039 686 4115 fnisse,
712 4040 764 4121 qui
788 4039 886 4102 Aulae
910 4037 1040 4101 Vestrae
1064 4036 1240 4102 Maiestatis
1258 4036 1426 4102 Caesareae

61 4127 137 4192 bano
160 4128 394 4209 praesumptam
417 4128 616 4191 rebellionem
640 4127 724 4210 prius
748 4126 956 4208 patefecerim,
981 4125 1107 4207 expulsa
1137 4126 1296 4190 comitissa
1318 4125 1427 4190 fratria

60 4233 136 4290 mea,
159 4215 257 4279 misso
280 4213 318 4278 ad
341 4213 487 4278 Vestram
504 4215 709 4298 'Maiestatem
726 4212 906 4278 Caesaream
920 4214 1060 4295 episcopo
1086 4213 1286 4294 zegrabiensi,
1311 4215 1428 4294 etpost

58 4304 180 4367 modum
217 4305 305 4385 patre
340 4301 484 4380 Foratall,
524 4302 724 4384 plurimisque
768 4303 839 4366 aliis
874 4300 1012 4376 indiciis;
1049 4302 1081 4364 et
1110 4301 1185 4363 licet
1226 4299 1326 4364 affinis
1369 4319 1424 4364 seu

62 4392 184 4454 uxorius
220 4389 392 4454 mensalia
415 4389 474 4453 fine
498 4392 621 4468 urserit,
646 4394 681 4454 ut
702 4387 795 4452 vidua
820 4388 1021 4471 expelleretur
1038 4406 1074 4450 ex
1098 4405 1176 4463 arce,
1197 4386 1230 4449 et
1252 4404 1312 4450 una
1331 4386 1427 4451 etiam

61 4477 261 4559 expelleretur
295 4480 383 4559 pater
414 4477 568 4541 Forstall:
599 4497 655 4561 ego
689 4478 804 4554 tamen,
838 4477 890 4559 qui
925 4478 1060 4540 diversos
1094 4475 1133 4538 ab
1165 4472 1257 4538 affine
1291 4473 1426 4538 allebam

62 4566 234 4648 conceptus,
259 4566 291 4630 et
313 4565 435 4646 patrem
459 4565 596 4630 Foratall
621 4565 738 4629 detinui
762 4569 794 4628 et
815 4565 939 4628 viduam
976 4563 1142 4626 abeuntem
1176 4559 1289 4642 rogavi,
1314 4563 1350 4624 ut
1370 4561 1426 4626 hae

61 4653 280 4718 controversias
302 4653 334 4717 in
358 4651 440 4717 Aula
463 4671 644 4735 cornpooere
668 4653 835 4733 satageret,
861 4651 1130 4730 recordareturque
1154 4666 1186 4712 se
1211 4649 1295 4711 brevi
1324 4649 1427 4714 reddi·

62 4741 172 4806 turam.
196 4739 285 4806 Nihil
318 4740 425 4806 autem
447 4739 558 4806 horum
591 4739 673 4806 certe
698 4738 876 4821 effecissem,
901 4737 928 4802 si
951 4738 1119 4804 adventum
1155 4736 1336 4815 Trrrcarum,
1372 4737 1426 4822 qui

1200 4840 1220 4888 a
