<?xml version="1.0" encoding="UTF-8"?>
<!DOCTYPE html PUBLIC "-//W3C//DTD XHTML 1.0 Transitional//EN"
    "http://www.w3.org/TR/xhtml1/DTD/xhtml1-transitional.dtd">
<html xmlns="http://www.w3.org/1999/xhtml" xml:lang="en" lang="en">
 <head>
  <title>
</title>
<meta http-equiv="Content-Type" content="text/html;charset=utf-8" />
  <meta name='ocr-system' content='tesseract 3.04.00' />
  <meta name='ocr-capabilities' content='ocr_page ocr_carea ocr_par ocr_line ocrx_word'/>
</head>
<body>
  <div class='ocr_page' id='page_1' title='image "./actaconiuration01umjegoog_0320.png"; bbox 0 0 3286 5260; ppageno 0'>
   <div class='ocr_carea' id='block_1_1' title="bbox 1245 327 1407 432">
    <p class='ocr_par' dir='ltr' id='par_1_1' title="bbox 1245 327 1407 432">
     <span class='ocr_line' id='line_1_1' title="bbox 1245 327 1407 432; baseline 0.006 -1"><span class='ocrx_word' id='word_1_1' title='bbox 1245 327 1251 337; x_wconf 79' lang='grc'><strong>’</strong></span> <span class='ocrx_word' id='word_1_2' title='bbox 1342 367 1407 432; x_wconf 83' lang='lat' dir='ltr'>aas</span> 
     </span>
    </p>
   </div>
   <div class='ocr_carea' id='block_1_2' title="bbox 43 545 1406 838">
    <p class='ocr_par' dir='ltr' id='par_1_2' title="bbox 43 545 1406 838">
     <span class='ocr_line' id='line_1_2' title="bbox 671 545 765 632; baseline -0.021 -2"><span class='ocrx_word' id='word_1_3' title='bbox 671 545 765 632; x_wconf 79' lang='grc'>416.</span> 
     </span>
     <span class='ocr_line' id='line_1_3' title="bbox 43 669 1406 761; baseline 0.003 -33"><span class='ocrx_word' id='word_1_4' title='bbox 43 672 129 739; x_wconf 81' lang='lat'>1670,</span> <span class='ocrx_word' id='word_1_5' title='bbox 153 669 421 745; x_wconf 66' lang='grc'>2711616636.</span> <span class='ocrx_word' id='word_1_6' title='bbox 448 670 638 747; x_wconf 73' lang='lat' dir='ltr'>Opravdcm&#39;e</span> <span class='ocrx_word' id='word_1_7' title='bbox 669 673 760 733; x_wconf 85' lang='lat' dir='ltr'>Petro</span> <span class='ocrx_word' id='word_1_8' title='bbox 783 673 958 761; x_wconf 76' lang='lat' dir='ltr'>Zriaslropa,</span> <span class='ocrx_word' id='word_1_9' title='bbox 988 674 1120 746; x_wconf 80' lang='lat' dir='ltr'>predone</span> <span class='ocrx_word' id='word_1_10' title='bbox 1158 673 1312 734; x_wconf 81' lang='lat' dir='ltr'>bencetiru</span> <span class='ocrx_word' id='word_1_11' title='bbox 1343 674 1406 734; x_wconf 85' lang='lat' dir='ltr'>ber.</span> 
     </span>
     <span class='ocr_line' id='line_1_4' title="bbox 209 759 1340 838; baseline 0.004 -21"><span class='ocrx_word' id='word_1_12' title='bbox 209 759 350 820; x_wconf 77' lang='lat' dir='ltr'>Hostem</span> <span class='ocrx_word' id='word_1_13' title='bbox 366 761 523 835; x_wconf 72' lang='grc'>6116611661</span> <span class='ocrx_word' id='word_1_14' title='bbox 545 762 657 835; x_wconf 75' lang='grc'>1111661</span> <span class='ocrx_word' id='word_1_15' title='bbox 672 761 888 836; x_wconf 65' lang='lat' dir='ltr'>praejeenjeya</span> <span class='ocrx_word' id='word_1_16' title='bbox 909 763 992 821; x_wconf 79' lang='lat' dir='ltr'>dunc</span> <span class='ocrx_word' id='word_1_17' title='bbox 1016 770 1055 836; x_wconf 82' lang='lat' dir='ltr'>(u.</span> <span class='ocrx_word' id='word_1_18' title='bbox 1078 763 1120 821; x_wconf 87' lang='lat' dir='ltr'>br.</span> <span class='ocrx_word' id='word_1_19' title='bbox 1145 764 1234 838; x_wconf 79' lang='lat'><em>452).</em></span> <span class='ocrx_word' id='word_1_20' title='bbox 1337 766 1340 772; x_wconf 91' lang='lat'>&#39;</span> 
     </span>
    </p>
   </div>
   <div class='ocr_carea' id='block_1_3' title="bbox 29 858 1477 4360">
    <p class='ocr_par' dir='ltr' id='par_1_3' title="bbox 35 858 1405 1208">
     <span class='ocr_line' id='line_1_5' title="bbox 133 858 1402 946; baseline 0.003 -22"><span class='ocrx_word' id='word_1_21' title='bbox 133 858 518 928; x_wconf 75' lang='lat' dir='ltr'>considerationes:</span> <span class='ocrx_word' id='word_1_22' title='bbox 537 865 562 926; x_wconf 92' lang='lat' dir='ltr'>l.</span> <span class='ocrx_word' id='word_1_23' title='bbox 576 863 647 928; x_wconf 88' lang='lat' dir='ltr'>Non</span> <span class='ocrx_word' id='word_1_24' title='bbox 659 864 701 928; x_wconf 85' lang='lat' dir='ltr'>lui</span> <span class='ocrx_word' id='word_1_25' title='bbox 718 881 812 929; x_wconf 87' lang='lat' dir='ltr'>causa</span> <span class='ocrx_word' id='word_1_26' title='bbox 826 863 979 928; x_wconf 87' lang='lat' dir='ltr'>tumultus</span> <span class='ocrx_word' id='word_1_27' title='bbox 992 862 1147 946; x_wconf 84' lang='lat' dir='ltr'>Vngarici,</span> <span class='ocrx_word' id='word_1_28' title='bbox 1174 863 1237 928; x_wconf 89' lang='lat' dir='ltr'>imo</span> <span class='ocrx_word' id='word_1_29' title='bbox 1258 863 1402 928; x_wconf 87' lang='lat' dir='ltr'>admonui</span> 
     </span>
     <span class='ocr_line' id='line_1_6' title="bbox 36 944 1404 1033; baseline 0.004 -24"><span class='ocrx_word' id='word_1_30' title='bbox 36 944 124 1010; x_wconf 90' lang='lat' dir='ltr'>Suam</span> <span class='ocrx_word' id='word_1_31' title='bbox 150 947 349 1013; x_wconf 74' lang='lat' dir='ltr'>Maiestatem</span> <span class='ocrx_word' id='word_1_32' title='bbox 373 949 410 1014; x_wconf 95' lang='lat' dir='ltr'>de</span> <span class='ocrx_word' id='word_1_33' title='bbox 432 951 596 1033; x_wconf 88' lang='lat' dir='ltr'>propositis</span> <span class='ocrx_word' id='word_1_34' title='bbox 620 969 735 1021; x_wconf 87' lang='lat' dir='ltr'>eorum,</span> <span class='ocrx_word' id='word_1_35' title='bbox 773 951 972 1016; x_wconf 87' lang='lat' dir='ltr'>nihilominus</span> <span class='ocrx_word' id='word_1_36' title='bbox 1004 951 1256 1033; x_wconf 77' lang='lat' dir='ltr'>compositionem</span> <span class='ocrx_word' id='word_1_37' title='bbox 1287 951 1404 1016; x_wconf 90' lang='lat' dir='ltr'>tumul-</span> 
     </span>
     <span class='ocr_line' id='line_1_7' title="bbox 35 1035 1405 1122; baseline 0.005 -26"><span class='ocrx_word' id='word_1_38' title='bbox 35 1035 118 1098; x_wconf 87' lang='lat' dir='ltr'>tuum</span> <span class='ocrx_word' id='word_1_39' title='bbox 144 1035 226 1100; x_wconf 92' lang='lat' dir='ltr'>mihi</span> <span class='ocrx_word' id='word_1_40' title='bbox 263 1037 410 1116; x_wconf 85' lang='lat' dir='ltr'>attribuo,</span> <span class='ocrx_word' id='word_1_41' title='bbox 434 1039 467 1102; x_wconf 92' lang='lat' dir='ltr'>et</span> <span class='ocrx_word' id='word_1_42' title='bbox 489 1038 539 1102; x_wconf 88' lang='lat' dir='ltr'>bic</span> <span class='ocrx_word' id='word_1_43' title='bbox 571 1056 691 1121; x_wconf 87' lang='lat' dir='ltr'>quoque</span> <span class='ocrx_word' id='word_1_44' title='bbox 725 1041 877 1121; x_wconf 88' lang='lat' dir='ltr'>promissa</span> <span class='ocrx_word' id='word_1_45' title='bbox 912 1037 1013 1122; x_wconf 87' lang='lat' dir='ltr'>gratia</span> <span class='ocrx_word' id='word_1_46' title='bbox 1035 1040 1066 1101; x_wconf 93' lang='lat' dir='ltr'>et</span> <span class='ocrx_word' id='word_1_47' title='bbox 1089 1055 1289 1120; x_wconf 87' lang='lat' dir='ltr'>recompensa</span> <span class='ocrx_word' id='word_1_48' title='bbox 1325 1039 1405 1103; x_wconf 86' lang='lat' dir='ltr'>Suae</span> 
     </span>
     <span class='ocr_line' id='line_1_8' title="bbox 36 1122 859 1208; baseline 0.009 -23"><span class='ocrx_word' id='word_1_49' title='bbox 36 1122 210 1187; x_wconf 78' lang='lat' dir='ltr'>Maiestatis</span> <span class='ocrx_word' id='word_1_50' title='bbox 232 1123 265 1187; x_wconf 92' lang='lat' dir='ltr'>in</span> <span class='ocrx_word' id='word_1_51' title='bbox 288 1125 381 1190; x_wconf 91' lang='lat' dir='ltr'>verbo</span> <span class='ocrx_word' id='word_1_52' title='bbox 405 1125 556 1208; x_wconf 90' lang='lat' dir='ltr'>Principis</span> <span class='ocrx_word' id='word_1_53' title='bbox 579 1128 612 1191; x_wconf 92' lang='lat' dir='ltr'>et</span> <span class='ocrx_word' id='word_1_54' title='bbox 633 1125 859 1192; x_wconf 87' lang='lat' dir='ltr'>Ministrorum.</span> 
     </span>
    </p>

    <p class='ocr_par' dir='ltr' id='par_1_4' title="bbox 34 1209 1477 2433">
     <span class='ocr_line' id='line_1_9' title="bbox 135 1209 1477 1294; baseline 0.004 -20"><span class='ocrx_word' id='word_1_55' title='bbox 135 1211 169 1276; x_wconf 82' lang='lat'>2.</span> <span class='ocrx_word' id='word_1_56' title='bbox 193 1209 282 1276; x_wconf 84' lang='lat' dir='ltr'>Licet</span> <span class='ocrx_word' id='word_1_57' title='bbox 303 1211 430 1277; x_wconf 84' lang='lat' dir='ltr'>fuissem</span> <span class='ocrx_word' id='word_1_58' title='bbox 455 1212 593 1277; x_wconf 90' lang='lat' dir='ltr'>omnium</span> <span class='ocrx_word' id='word_1_59' title='bbox 617 1212 1004 1294; x_wconf 89' lang='lat' dir='ltr'>reus,ideoveniadSnam</span> <span class='ocrx_word' id='word_1_60' title='bbox 1029 1213 1227 1277; x_wconf 85' lang='lat' dir='ltr'>Maiestatem</span> <span class='ocrx_word' id='word_1_61' title='bbox 1243 1212 1283 1276; x_wconf 88' lang='lat' dir='ltr'>ad</span> <span class='ocrx_word' id='word_1_62' title='bbox 1298 1214 1404 1276; x_wconf 89' lang='lat' dir='ltr'>Duum</span> <span class='ocrx_word' id='word_1_63' title='bbox 1475 1275 1477 1279; x_wconf 79' lang='grc'>,</span> 
     </span>
     <span class='ocr_line' id='line_1_10' title="bbox 36 1299 1406 1385; baseline 0.004 -25"><span class='ocrx_word' id='word_1_64' title='bbox 36 1315 134 1362; x_wconf 91' lang='lat' dir='ltr'>meum</span> <span class='ocrx_word' id='word_1_65' title='bbox 159 1299 438 1364; x_wconf 84' lang='lat' dir='ltr'>clementissimum</span> <span class='ocrx_word' id='word_1_66' title='bbox 462 1302 494 1364; x_wconf 91' lang='lat' dir='ltr'>et</span> <span class='ocrx_word' id='word_1_67' title='bbox 515 1300 636 1365; x_wconf 85' lang='lat' dir='ltr'>obedivi</span> <span class='ocrx_word' id='word_1_68' title='bbox 656 1302 761 1384; x_wconf 80' lang='lat' dir='ltr'>Jussis,</span> <span class='ocrx_word' id='word_1_69' title='bbox 775 1303 811 1365; x_wconf 92' lang='lat' dir='ltr'>ut</span> <span class='ocrx_word' id='word_1_70' title='bbox 833 1301 999 1385; x_wconf 87' lang='lat' dir='ltr'>perduellis</span> <span class='ocrx_word' id='word_1_71' title='bbox 1024 1303 1056 1365; x_wconf 92' lang='lat' dir='ltr'>et</span> <span class='ocrx_word' id='word_1_72' title='bbox 1079 1300 1204 1365; x_wconf 90' lang='lat' dir='ltr'>rebellis</span> <span class='ocrx_word' id='word_1_73' title='bbox 1226 1319 1338 1366; x_wconf 92' lang='lat' dir='ltr'>nomen</span> <span class='ocrx_word' id='word_1_74' title='bbox 1356 1299 1406 1365; x_wconf 84' lang='lat' dir='ltr'>fu-</span> 
     </span>
     <span class='ocr_line' id='line_1_11' title="bbox 36 1385 1459 1468; baseline 0.002 -20"><span class='ocrx_word' id='word_1_75' title='bbox 36 1385 126 1468; x_wconf 84' lang='lat' dir='ltr'>giam,</span> <span class='ocrx_word' id='word_1_76' title='bbox 153 1387 187 1450; x_wconf 92' lang='lat' dir='ltr'>et</span> <span class='ocrx_word' id='word_1_77' title='bbox 208 1385 369 1452; x_wconf 88' lang='lat' dir='ltr'>florentem</span> <span class='ocrx_word' id='word_1_78' title='bbox 403 1388 551 1452; x_wconf 88' lang='lat' dir='ltr'>bonorem</span> <span class='ocrx_word' id='word_1_79' title='bbox 597 1388 734 1453; x_wconf 86' lang='lat' dir='ltr'>familiae</span> <span class='ocrx_word' id='word_1_80' title='bbox 767 1406 852 1454; x_wconf 88' lang='lat' dir='ltr'>meae</span> <span class='ocrx_word' id='word_1_81' title='bbox 876 1393 911 1453; x_wconf 92' lang='lat' dir='ltr'>ut</span> <span class='ocrx_word' id='word_1_82' title='bbox 934 1407 971 1452; x_wconf 94' lang='lat' dir='ltr'>ne</span> <span class='ocrx_word' id='word_1_83' title='bbox 994 1387 1162 1465; x_wconf 80' lang='lat' dir='ltr'>maculem3</span> <span class='ocrx_word' id='word_1_84' title='bbox 1194 1407 1264 1452; x_wconf 91' lang='lat' dir='ltr'>oum</span> <span class='ocrx_word' id='word_1_85' title='bbox 1299 1390 1404 1452; x_wconf 87' lang='lat' dir='ltr'>tamen</span> <span class='ocrx_word' id='word_1_86' title='bbox 1456 1427 1459 1434; x_wconf 89' lang='lat'>·</span> 
     </span>
     <span class='ocr_line' id='line_1_12' title="bbox 37 1473 1404 1558; baseline 0.002 -22"><span class='ocrx_word' id='word_1_87' title='bbox 37 1473 169 1555; x_wconf 91' lang='lat' dir='ltr'>undique</span> <span class='ocrx_word' id='word_1_88' title='bbox 192 1479 299 1555; x_wconf 86' lang='lat' dir='ltr'>aperta</span> <span class='ocrx_word' id='word_1_89' title='bbox 333 1475 383 1539; x_wconf 87' lang='lat' dir='ltr'>vie</span> <span class='ocrx_word' id='word_1_90' title='bbox 417 1476 495 1539; x_wconf 92' lang='lat' dir='ltr'>mibi</span> <span class='ocrx_word' id='word_1_91' title='bbox 529 1475 598 1554; x_wconf 86' lang='lat' dir='ltr'>fuit,</span> <span class='ocrx_word' id='word_1_92' title='bbox 631 1494 685 1541; x_wconf 89' lang='lat' dir='ltr'>neo</span> <span class='ocrx_word' id='word_1_93' title='bbox 719 1477 802 1541; x_wconf 92' lang='lat' dir='ltr'>volui</span> <span class='ocrx_word' id='word_1_94' title='bbox 826 1476 864 1541; x_wconf 89' lang='lat' dir='ltr'>ad</span> <span class='ocrx_word' id='word_1_95' title='bbox 887 1477 1007 1541; x_wconf 80' lang='lat' dir='ltr'>exteros</span> <span class='ocrx_word' id='word_1_96' title='bbox 1041 1475 1202 1558; x_wconf 91' lang='lat' dir='ltr'>Principes</span> <span class='ocrx_word' id='word_1_97' title='bbox 1226 1475 1404 1558; x_wconf 81' lang='lat' dir='ltr'>confugere,</span> 
     </span>
     <span class='ocr_line' id='line_1_13' title="bbox 37 1561 1406 1646; baseline 0.001 -22"><span class='ocrx_word' id='word_1_98' title='bbox 37 1561 65 1624; x_wconf 87' lang='lat' dir='ltr'>et</span> <span class='ocrx_word' id='word_1_99' title='bbox 86 1579 195 1625; x_wconf 90' lang='lat' dir='ltr'>eorum</span> <span class='ocrx_word' id='word_1_100' title='bbox 219 1561 453 1628; x_wconf 83' lang='lat' dir='ltr'>intercessiones</span> <span class='ocrx_word' id='word_1_101' title='bbox 477 1581 632 1646; x_wconf 88' lang='lat' dir='ltr'>quaerere,</span> <span class='ocrx_word' id='word_1_102' title='bbox 654 1566 690 1628; x_wconf 89' lang='lat' dir='ltr'>ut</span> <span class='ocrx_word' id='word_1_103' title='bbox 713 1583 750 1628; x_wconf 95' lang='lat' dir='ltr'>ne</span> <span class='ocrx_word' id='word_1_104' title='bbox 774 1563 885 1628; x_wconf 90' lang='lat' dir='ltr'>saltem</span> <span class='ocrx_word' id='word_1_105' title='bbox 914 1563 1025 1628; x_wconf 89' lang='lat' dir='ltr'>umbra</span> <span class='ocrx_word' id='word_1_106' title='bbox 1048 1563 1096 1627; x_wconf 91' lang='lat' dir='ltr'>vel</span> <span class='ocrx_word' id='word_1_107' title='bbox 1119 1562 1237 1646; x_wconf 87' lang='lat' dir='ltr'>species</span> <span class='ocrx_word' id='word_1_108' title='bbox 1272 1563 1406 1629; x_wconf 88' lang='lat' dir='ltr'>infideli-</span> 
     </span>
     <span class='ocr_line' id='line_1_14' title="bbox 35 1647 1406 1734; baseline 0.002 -23"><span class='ocrx_word' id='word_1_109' title='bbox 35 1647 107 1712; x_wconf 85' lang='lat' dir='ltr'>tatis</span> <span class='ocrx_word' id='word_1_110' title='bbox 144 1648 196 1712; x_wconf 92' lang='lat' dir='ltr'>vel</span> <span class='ocrx_word' id='word_1_111' title='bbox 228 1650 356 1715; x_wconf 90' lang='lat' dir='ltr'>minime</span> <span class='ocrx_word' id='word_1_112' title='bbox 391 1669 538 1734; x_wconf 87' lang='lat' dir='ltr'>apparere</span> <span class='ocrx_word' id='word_1_113' title='bbox 570 1651 720 1730; x_wconf 89' lang='lat' dir='ltr'>videatur,</span> <span class='ocrx_word' id='word_1_114' title='bbox 756 1651 941 1734; x_wconf 90' lang='lat' dir='ltr'>sedproprie</span> <span class='ocrx_word' id='word_1_115' title='bbox 975 1650 1014 1715; x_wconf 90' lang='lat' dir='ltr'>ad</span> <span class='ocrx_word' id='word_1_116' title='bbox 1039 1651 1120 1716; x_wconf 85' lang='lat' dir='ltr'>Suae</span> <span class='ocrx_word' id='word_1_117' title='bbox 1143 1651 1320 1717; x_wconf 85' lang='lat' dir='ltr'>Maiestatis</span> <span class='ocrx_word' id='word_1_118' title='bbox 1345 1650 1406 1714; x_wconf 88' lang='lat' dir='ltr'>ole-</span> 
     </span>
     <span class='ocr_line' id='line_1_15' title="bbox 37 1736 1407 1822; baseline 0.002 -23"><span class='ocrx_word' id='word_1_119' title='bbox 37 1736 188 1800; x_wconf 89' lang='lat' dir='ltr'>mentiam</span> <span class='ocrx_word' id='word_1_120' title='bbox 213 1737 343 1820; x_wconf 86' lang='lat' dir='ltr'>profugi,</span> <span class='ocrx_word' id='word_1_121' title='bbox 368 1740 399 1802; x_wconf 90' lang='lat' dir='ltr'>in</span> <span class='ocrx_word' id='word_1_122' title='bbox 421 1757 482 1822; x_wconf 90' lang='lat' dir='ltr'>qua</span> <span class='ocrx_word' id='word_1_123' title='bbox 498 1740 599 1804; x_wconf 87' lang='lat' dir='ltr'>vivere</span> <span class='ocrx_word' id='word_1_124' title='bbox 614 1740 646 1803; x_wconf 93' lang='grc'>61</span> <span class='ocrx_word' id='word_1_125' title='bbox 657 1739 734 1803; x_wconf 89' lang='lat' dir='ltr'>mori</span> <span class='ocrx_word' id='word_1_126' title='bbox 767 1739 865 1822; x_wconf 85' lang='lat' dir='ltr'>cupio;</span> <span class='ocrx_word' id='word_1_127' title='bbox 899 1738 1101 1803; x_wconf 86' lang='lat' dir='ltr'>admonitioni</span> <span class='ocrx_word' id='word_1_128' title='bbox 1126 1737 1205 1804; x_wconf 87' lang='lat' dir='ltr'>Suae</span> <span class='ocrx_word' id='word_1_129' title='bbox 1228 1739 1407 1804; x_wconf 84' lang='lat' dir='ltr'>Maiestatis</span> 
     </span>
     <span class='ocr_line' id='line_1_16' title="bbox 34 1823 1406 1909; baseline 0.003 -23"><span class='ocrx_word' id='word_1_130' title='bbox 34 1823 96 1904; x_wconf 90' lang='lat' dir='ltr'>ipso</span> <span class='ocrx_word' id='word_1_131' title='bbox 120 1826 280 1889; x_wconf 91' lang='lat' dir='ltr'>momento</span> <span class='ocrx_word' id='word_1_132' title='bbox 305 1826 480 1891; x_wconf 90' lang='lat' dir='ltr'>humillime</span> <span class='ocrx_word' id='word_1_133' title='bbox 497 1827 593 1909; x_wconf 90' lang='lat' dir='ltr'>parui,</span> <span class='ocrx_word' id='word_1_134' title='bbox 607 1826 744 1892; x_wconf 91' lang='lat' dir='ltr'>babendo</span> <span class='ocrx_word' id='word_1_135' title='bbox 757 1825 837 1892; x_wconf 88' lang='lat' dir='ltr'>Suae</span> <span class='ocrx_word' id='word_1_136' title='bbox 854 1826 1029 1892; x_wconf 89' lang='lat' dir='ltr'>Maiestatis</span> <span class='ocrx_word' id='word_1_137' title='bbox 1046 1829 1076 1890; x_wconf 92' lang='lat' dir='ltr'>et</span> <span class='ocrx_word' id='word_1_138' title='bbox 1096 1826 1309 1892; x_wconf 89' lang='lat' dir='ltr'>Ministrorum</span> <span class='ocrx_word' id='word_1_139' title='bbox 1322 1846 1406 1891; x_wconf 90' lang='lat' dir='ltr'>asse·</span> 
     </span>
     <span class='ocr_line' id='line_1_17' title="bbox 38 1911 1408 1998; baseline 0.003 -24"><span class='ocrx_word' id='word_1_140' title='bbox 38 1911 203 1986; x_wconf 83' lang='lat' dir='ltr'>curatoria,</span> <span class='ocrx_word' id='word_1_141' title='bbox 235 1931 291 1978; x_wconf 90' lang='lat' dir='ltr'>neo</span> <span class='ocrx_word' id='word_1_142' title='bbox 321 1914 471 1978; x_wconf 88' lang='lat' dir='ltr'>hactenus</span> <span class='ocrx_word' id='word_1_143' title='bbox 505 1914 657 1993; x_wconf 92' lang='lat' dir='ltr'>auditum,</span> <span class='ocrx_word' id='word_1_144' title='bbox 683 1933 738 1978; x_wconf 89' lang='lat' dir='ltr'>neo</span> <span class='ocrx_word' id='word_1_145' title='bbox 761 1915 792 1979; x_wconf 94' lang='lat' dir='ltr'>in</span> <span class='ocrx_word' id='word_1_146' title='bbox 819 1914 956 1980; x_wconf 90' lang='lat' dir='ltr'>historiis</span> <span class='ocrx_word' id='word_1_147' title='bbox 993 1915 1201 1990; x_wconf 89' lang='lat' dir='ltr'>observatum,</span> <span class='ocrx_word' id='word_1_148' title='bbox 1225 1916 1332 1996; x_wconf 89' lang='lat' dir='ltr'>utpote</span> <span class='ocrx_word' id='word_1_149' title='bbox 1356 1913 1408 1998; x_wconf 91' lang='lat' dir='ltr'>qui</span> 
     </span>
     <span class='ocr_line' id='line_1_18' title="bbox 36 1999 1408 2083; baseline 0.002 -21"><span class='ocrx_word' id='word_1_150' title='bbox 36 1999 246 2075; x_wconf 84' lang='lat' dir='ltr'>obediverunt,</span> <span class='ocrx_word' id='word_1_151' title='bbox 270 2001 323 2083; x_wconf 90' lang='lat' dir='ltr'>qui</span> <span class='ocrx_word' id='word_1_152' title='bbox 358 2001 512 2066; x_wconf 89' lang='lat' dir='ltr'>submisse</span> <span class='ocrx_word' id='word_1_153' title='bbox 536 2003 574 2066; x_wconf 88' lang='lat' dir='ltr'>ad</span> <span class='ocrx_word' id='word_1_154' title='bbox 599 2000 803 2068; x_wconf 79' lang='lat' dir='ltr'>Clementiam</span> <span class='ocrx_word' id='word_1_155' title='bbox 828 2001 908 2067; x_wconf 87' lang='lat' dir='ltr'>Suae</span> <span class='ocrx_word' id='word_1_156' title='bbox 932 2001 1107 2067; x_wconf 89' lang='lat' dir='ltr'>Maiestatis</span> <span class='ocrx_word' id='word_1_157' title='bbox 1121 2004 1278 2079; x_wconf 83' lang='lat' dir='ltr'>venerunt,</span> <span class='ocrx_word' id='word_1_158' title='bbox 1290 2019 1341 2066; x_wconf 90' lang='lat' dir='ltr'>eos</span> <span class='ocrx_word' id='word_1_159' title='bbox 1352 2003 1408 2065; x_wconf 91' lang='lat' dir='ltr'>mi·</span> 
     </span>
     <span class='ocr_line' id='line_1_19' title="bbox 35 2087 1407 2173; baseline 0.001 -23"><span class='ocrx_word' id='word_1_160' title='bbox 35 2087 174 2164; x_wconf 89' lang='lat' dir='ltr'>seriores,</span> <span class='ocrx_word' id='word_1_161' title='bbox 199 2089 406 2169; x_wconf 87' lang='lat' dir='ltr'>pauperiores,</span> <span class='ocrx_word' id='word_1_162' title='bbox 431 2107 591 2173; x_wconf 87' lang='lat' dir='ltr'>oppressos</span> <span class='ocrx_word' id='word_1_163' title='bbox 615 2091 664 2154; x_wconf 91' lang='lat' dir='ltr'>vel</span> <span class='ocrx_word' id='word_1_164' title='bbox 688 2089 793 2171; x_wconf 88' lang='lat' dir='ltr'>aliqua</span> <span class='ocrx_word' id='word_1_165' title='bbox 817 2091 848 2154; x_wconf 93' lang='lat' dir='ltr'>in</span> <span class='ocrx_word' id='word_1_166' title='bbox 873 2090 959 2172; x_wconf 91' lang='lat' dir='ltr'>parte</span> <span class='ocrx_word' id='word_1_167' title='bbox 996 2089 1219 2165; x_wconf 86' lang='lat' dir='ltr'>damnificatos,</span> <span class='ocrx_word' id='word_1_168' title='bbox 1251 2089 1407 2164; x_wconf 91' lang='lat' dir='ltr'>dimissos,</span> 
     </span>
     <span class='ocr_line' id='line_1_20' title="bbox 37 2171 1407 2260; baseline 0.002 -22"><span class='ocrx_word' id='word_1_169' title='bbox 37 2175 135 2256; x_wconf 84' lang='lat' dir='ltr'>gratia</span> <span class='ocrx_word' id='word_1_170' title='bbox 159 2171 241 2239; x_wconf 84' lang='lat' dir='ltr'>Suae</span> <span class='ocrx_word' id='word_1_171' title='bbox 262 2176 441 2243; x_wconf 87' lang='lat' dir='ltr'>Maiestatis</span> <span class='ocrx_word' id='word_1_172' title='bbox 465 2177 632 2242; x_wconf 87' lang='lat' dir='ltr'>destitutos</span> <span class='ocrx_word' id='word_1_173' title='bbox 653 2179 687 2242; x_wconf 88' lang='lat' dir='ltr'>et</span> <span class='ocrx_word' id='word_1_174' title='bbox 712 2179 846 2260; x_wconf 88' lang='lat' dir='ltr'>privatos</span> <span class='ocrx_word' id='word_1_175' title='bbox 862 2177 966 2242; x_wconf 84' lang='lat' dir='ltr'>fuisse.</span> <span class='ocrx_word' id='word_1_176' title='bbox 990 2175 1407 2260; x_wconf 80' lang='lat' dir='ltr'>Quinimolibentiusipsam</span> 
     </span>
     <span class='ocr_line' id='line_1_21' title="bbox 36 2262 1404 2347; baseline 0.003 -22"><span class='ocrx_word' id='word_1_177' title='bbox 36 2264 168 2326; x_wconf 90' lang='lat' dir='ltr'>mortem</span> <span class='ocrx_word' id='word_1_178' title='bbox 186 2262 306 2341; x_wconf 90' lang='lat' dir='ltr'>subibo,</span> <span class='ocrx_word' id='word_1_179' title='bbox 332 2283 425 2347; x_wconf 86' lang='lat' dir='ltr'>quam</span> <span class='ocrx_word' id='word_1_180' title='bbox 459 2265 508 2330; x_wconf 92' lang='lat' dir='ltr'>vel</span> <span class='ocrx_word' id='word_1_181' title='bbox 542 2265 671 2330; x_wconf 90' lang='lat' dir='ltr'>minima</span> <span class='ocrx_word' id='word_1_182' title='bbox 705 2266 827 2331; x_wconf 86' lang='lat' dir='ltr'>macula</span> <span class='ocrx_word' id='word_1_183' title='bbox 849 2264 974 2330; x_wconf 90' lang='lat' dir='ltr'>honoris</span> <span class='ocrx_word' id='word_1_184' title='bbox 1009 2265 1068 2329; x_wconf 93' lang='lat' dir='ltr'>mei</span> <span class='ocrx_word' id='word_1_185' title='bbox 1092 2266 1124 2328; x_wconf 90' lang='grc'>61</span> <span class='ocrx_word' id='word_1_186' title='bbox 1147 2263 1284 2329; x_wconf 87' lang='lat' dir='ltr'>familiae</span> <span class='ocrx_word' id='word_1_187' title='bbox 1319 2283 1404 2329; x_wconf 89' lang='lat' dir='ltr'>meae</span> 
     </span>
     <span class='ocr_line' id='line_1_22' title="bbox 36 2351 839 2433; baseline 0.011 -21"><span class='ocrx_word' id='word_1_188' title='bbox 36 2367 156 2433; x_wconf 85' lang='lat' dir='ltr'>quoquo</span> <span class='ocrx_word' id='word_1_189' title='bbox 183 2352 273 2417; x_wconf 93' lang='lat' dir='ltr'>modo</span> <span class='ocrx_word' id='word_1_190' title='bbox 296 2351 431 2416; x_wconf 87' lang='lat' dir='ltr'>liberari.</span> <span class='ocrx_word' id='word_1_191' title='bbox 829 2393 839 2412; x_wconf 83' lang='lat'><strong>·</strong></span> 
     </span>
    </p>

    <p class='ocr_par' dir='ltr' id='par_1_5' title="bbox 35 2437 1407 2698">
     <span class='ocr_line' id='line_1_23' title="bbox 140 2437 1406 2516; baseline 0.001 -15"><span class='ocrx_word' id='word_1_192' title='bbox 140 2439 171 2502; x_wconf 90' lang='lat'>3.</span> <span class='ocrx_word' id='word_1_193' title='bbox 196 2437 287 2504; x_wconf 84' lang='lat' dir='ltr'>Anne</span> <span class='ocrx_word' id='word_1_194' title='bbox 323 2439 388 2504; x_wconf 88' lang='lat' dir='ltr'>ulla</span> <span class='ocrx_word' id='word_1_195' title='bbox 422 2440 592 2505; x_wconf 80' lang='lat' dir='ltr'>recordatio</span> <span class='ocrx_word' id='word_1_196' title='bbox 628 2439 687 2505; x_wconf 90' lang='lat' dir='ltr'>erit</span> <span class='ocrx_word' id='word_1_197' title='bbox 729 2442 888 2506; x_wconf 90' lang='lat' dir='ltr'>tantorum</span> <span class='ocrx_word' id='word_1_198' title='bbox 924 2439 1062 2506; x_wconf 79' lang='lat' dir='ltr'>familiae</span> <span class='ocrx_word' id='word_1_199' title='bbox 1095 2459 1179 2504; x_wconf 88' lang='lat' dir='ltr'>rneae</span> <span class='ocrx_word' id='word_1_200' title='bbox 1215 2437 1406 2516; x_wconf 90' lang='lat' dir='ltr'>meritorum,</span> 
     </span>
     <span class='ocr_line' id='line_1_24' title="bbox 35 2525 1407 2611; baseline 0.001 -23"><span class='ocrx_word' id='word_1_201' title='bbox 35 2527 98 2588; x_wconf 89' lang='lat' dir='ltr'>tam</span> <span class='ocrx_word' id='word_1_202' title='bbox 122 2527 155 2588; x_wconf 90' lang='lat' dir='ltr'>in</span> <span class='ocrx_word' id='word_1_203' title='bbox 179 2525 356 2591; x_wconf 82' lang='lat' dir='ltr'>defensione</span> <span class='ocrx_word' id='word_1_204' title='bbox 378 2528 566 2606; x_wconf 86' lang='lat' dir='ltr'>Provinciae,</span> <span class='ocrx_word' id='word_1_205' title='bbox 591 2545 683 2611; x_wconf 85' lang='lat' dir='ltr'>quam</span> <span class='ocrx_word' id='word_1_206' title='bbox 706 2525 786 2593; x_wconf 88' lang='lat' dir='ltr'>Suae</span> <span class='ocrx_word' id='word_1_207' title='bbox 804 2528 979 2594; x_wconf 89' lang='lat' dir='ltr'>Maiestatis</span> <span class='ocrx_word' id='word_1_208' title='bbox 991 2529 1167 2611; x_wconf 85' lang='lat' dir='ltr'>Regnorum</span> <span class='ocrx_word' id='word_1_209' title='bbox 1192 2526 1407 2590; x_wconf 85' lang='lat' dir='ltr'>attentorum</span> 
     </span>
     <span class='ocr_line' id='line_1_25' title="bbox 36 2610 766 2698; baseline 0.012 -26"><span class='ocrx_word' id='word_1_210' title='bbox 36 2610 65 2673; x_wconf 93' lang='lat' dir='ltr'>in</span> <span class='ocrx_word' id='word_1_211' title='bbox 90 2611 172 2678; x_wconf 88' lang='lat' dir='ltr'>Suae</span> <span class='ocrx_word' id='word_1_212' title='bbox 196 2613 373 2680; x_wconf 87' lang='lat' dir='ltr'>Maiestatis</span> <span class='ocrx_word' id='word_1_213' title='bbox 396 2616 532 2680; x_wconf 87' lang='lat' dir='ltr'>servitiis</span> <span class='ocrx_word' id='word_1_214' title='bbox 555 2617 766 2698; x_wconf 83' lang='lat' dir='ltr'>sumptuum?</span> 
     </span>
    </p>

    <p class='ocr_par' dir='ltr' id='par_1_6' title="bbox 35 2700 1409 2852">
     <span class='ocr_line' id='line_1_26' title="bbox 138 2700 1409 2785; baseline 0.002 -22"><span class='ocrx_word' id='word_1_215' title='bbox 138 2701 170 2764; x_wconf 84' lang='lat'>4.</span> <span class='ocrx_word' id='word_1_216' title='bbox 195 2701 285 2766; x_wconf 86' lang='lat' dir='ltr'>Anne</span> <span class='ocrx_word' id='word_1_217' title='bbox 309 2700 387 2767; x_wconf 89' lang='lat' dir='ltr'>Suae</span> <span class='ocrx_word' id='word_1_218' title='bbox 410 2703 587 2768; x_wconf 87' lang='lat' dir='ltr'>Maiestatis</span> <span class='ocrx_word' id='word_1_219' title='bbox 617 2703 676 2766; x_wconf 87' lang='lat' dir='ltr'>erit</span> <span class='ocrx_word' id='word_1_220' title='bbox 705 2702 874 2768; x_wconf 87' lang='lat' dir='ltr'>destructio</span> <span class='ocrx_word' id='word_1_221' title='bbox 898 2702 1086 2769; x_wconf 79' lang='lat' dir='ltr'>familiarum</span> <span class='ocrx_word' id='word_1_222' title='bbox 1117 2700 1352 2785; x_wconf 88' lang='lat' dir='ltr'>conspicuarum</span> <span class='ocrx_word' id='word_1_223' title='bbox 1377 2703 1409 2765; x_wconf 91' lang='lat' dir='ltr'>et</span> 
     </span>
     <span class='ocr_line' id='line_1_27' title="bbox 35 2788 243 2852; baseline 0.014 -3"><span class='ocrx_word' id='word_1_224' title='bbox 35 2788 243 2852; x_wconf 77' lang='lat' dir='ltr'>meritarum?</span> 
     </span>
    </p>

    <p class='ocr_par' dir='ltr' id='par_1_7' title="bbox 30 2873 1412 4104">
     <span class='ocr_line' id='line_1_28' title="bbox 137 2873 1407 2961; baseline 0.001 -22"><span class='ocrx_word' id='word_1_225' title='bbox 137 2876 169 2940; x_wconf 83' lang='lat'>5.</span> <span class='ocrx_word' id='word_1_226' title='bbox 194 2873 319 2942; x_wconf 87' lang='lat' dir='ltr'>Numne</span> <span class='ocrx_word' id='word_1_227' title='bbox 358 2877 492 2943; x_wconf 90' lang='lat' dir='ltr'>melioris</span> <span class='ocrx_word' id='word_1_228' title='bbox 529 2877 712 2942; x_wconf 90' lang='lat' dir='ltr'>conditionis</span> <span class='ocrx_word' id='word_1_229' title='bbox 735 2881 825 2943; x_wconf 89' lang='lat' dir='ltr'>erunt</span> <span class='ocrx_word' id='word_1_230' title='bbox 859 2879 906 2944; x_wconf 89' lang='lat' dir='ltr'>vel</span> <span class='ocrx_word' id='word_1_231' title='bbox 931 2877 995 2943; x_wconf 90' lang='lat' dir='ltr'>sint</span> <span class='ocrx_word' id='word_1_232' title='bbox 1018 2879 1084 2960; x_wconf 86' lang='lat' dir='ltr'>ipse</span> <span class='ocrx_word' id='word_1_233' title='bbox 1120 2879 1221 2961; x_wconf 88' lang='lat' dir='ltr'>capita</span> <span class='ocrx_word' id='word_1_234' title='bbox 1242 2876 1407 2942; x_wconf 90' lang='lat' dir='ltr'>rebellium</span> 
     </span>
     <span class='ocr_line' id='line_1_29' title="bbox 34 2961 1408 3048; baseline 0.003 -24"><span class='ocrx_word' id='word_1_235' title='bbox 34 2961 80 3024; x_wconf 83' lang='lat' dir='ltr'>vel</span> <span class='ocrx_word' id='word_1_236' title='bbox 116 2962 299 3042; x_wconf 82' lang='lat' dir='ltr'>lactionum,</span> <span class='ocrx_word' id='word_1_237' title='bbox 343 2966 578 3044; x_wconf 86' lang='lat' dir='ltr'>obstinatorum,</span> <span class='ocrx_word' id='word_1_238' title='bbox 617 2967 846 3032; x_wconf 88' lang='lat' dir='ltr'>contumacium</span> <span class='ocrx_word' id='word_1_239' title='bbox 882 2964 1134 3043; x_wconf 72' lang='lat' dir='ltr'>calvinistarum,</span> <span class='ocrx_word' id='word_1_240' title='bbox 1178 2983 1214 3030; x_wconf 83' lang='lat' dir='ltr'>ex</span> <span class='ocrx_word' id='word_1_241' title='bbox 1253 2964 1408 3048; x_wconf 85' lang='lat' dir='ltr'>genimine</span> 
     </span>
     <span class='ocr_line' id='line_1_30' title="bbox 33 3049 1408 3136; baseline 0.003 -25"><span class='ocrx_word' id='word_1_242' title='bbox 33 3049 210 3131; x_wconf 89' lang='lat' dir='ltr'>rebellium,</span> <span class='ocrx_word' id='word_1_243' title='bbox 234 3053 286 3135; x_wconf 90' lang='lat' dir='ltr'>qui</span> <span class='ocrx_word' id='word_1_244' title='bbox 309 3070 487 3136; x_wconf 91' lang='lat' dir='ltr'>comparere</span> <span class='ocrx_word' id='word_1_245' title='bbox 510 3054 683 3131; x_wconf 89' lang='lat' dir='ltr'>noluerunt,</span> <span class='ocrx_word' id='word_1_246' title='bbox 708 3055 759 3135; x_wconf 90' lang='lat' dir='ltr'>qui</span> <span class='ocrx_word' id='word_1_247' title='bbox 771 3053 977 3120; x_wconf 88' lang='lat' dir='ltr'>hostilitatem</span> <span class='ocrx_word' id='word_1_248' title='bbox 1003 3055 1212 3129; x_wconf 83' lang='lat' dir='ltr'>exercuerunt,</span> <span class='ocrx_word' id='word_1_249' title='bbox 1229 3055 1280 3136; x_wconf 94' lang='lat' dir='ltr'>qui</span> <span class='ocrx_word' id='word_1_250' title='bbox 1304 3051 1408 3136; x_wconf 83' lang='lat' dir='ltr'>rogati</span> 
     </span>
     <span class='ocr_line' id='line_1_31' title="bbox 34 3138 1411 3225; baseline 0.004 -27"><span class='ocrx_word' id='word_1_251' title='bbox 34 3155 92 3200; x_wconf 95' lang='lat' dir='ltr'>non</span> <span class='ocrx_word' id='word_1_252' title='bbox 116 3157 151 3204; x_wconf 91' lang='lat' dir='ltr'>se</span> <span class='ocrx_word' id='word_1_253' title='bbox 175 3138 367 3216; x_wconf 85' lang='lat' dir='ltr'>dediderunt,</span> <span class='ocrx_word' id='word_1_254' title='bbox 391 3142 444 3224; x_wconf 90' lang='lat' dir='ltr'>qui</span> <span class='ocrx_word' id='word_1_255' title='bbox 461 3141 539 3205; x_wconf 89' lang='lat' dir='ltr'>nihil</span> <span class='ocrx_word' id='word_1_256' title='bbox 555 3140 676 3206; x_wconf 91' lang='lat' dir='ltr'>adversi</span> <span class='ocrx_word' id='word_1_257' title='bbox 700 3141 919 3207; x_wconf 79' lang='lat' dir='ltr'>sustulerunt?</span> <span class='ocrx_word' id='word_1_258' title='bbox 943 3159 1036 3224; x_wconf 89' lang='lat' dir='ltr'>quam</span> <span class='ocrx_word' id='word_1_259' title='bbox 1056 3160 1122 3225; x_wconf 82' lang='lat' dir='ltr'>ego,</span> <span class='ocrx_word' id='word_1_260' title='bbox 1158 3142 1210 3225; x_wconf 89' lang='lat' dir='ltr'>qui</span> <span class='ocrx_word' id='word_1_261' title='bbox 1246 3143 1411 3223; x_wconf 89' lang='lat' dir='ltr'>spontanee</span> 
     </span>
     <span class='ocr_line' id='line_1_32' title="bbox 32 3225 1412 3314; baseline 0.001 -26"><span class='ocrx_word' id='word_1_262' title='bbox 32 3225 113 3303; x_wconf 92' lang='lat' dir='ltr'>veni,</span> <span class='ocrx_word' id='word_1_263' title='bbox 152 3227 204 3308; x_wconf 86' lang='lat' dir='ltr'>qui</span> <span class='ocrx_word' id='word_1_264' title='bbox 228 3227 321 3290; x_wconf 91' lang='lat' dir='ltr'>verbo</span> <span class='ocrx_word' id='word_1_265' title='bbox 357 3227 539 3294; x_wconf 88' lang='lat' dir='ltr'>elementiae</span> <span class='ocrx_word' id='word_1_266' title='bbox 575 3228 740 3296; x_wconf 85' lang='lat' dir='ltr'>Caesareae</span> <span class='ocrx_word' id='word_1_267' title='bbox 775 3228 885 3314; x_wconf 88' lang='lat' dir='ltr'>confidi</span> <span class='ocrx_word' id='word_1_268' title='bbox 925 3231 957 3293; x_wconf 98' lang='grc'>61</span> <span class='ocrx_word' id='word_1_269' title='bbox 979 3229 1103 3308; x_wconf 88' lang='lat' dir='ltr'>credidi,</span> <span class='ocrx_word' id='word_1_270' title='bbox 1140 3228 1194 3311; x_wconf 90' lang='lat' dir='ltr'>qui</span> <span class='ocrx_word' id='word_1_271' title='bbox 1218 3227 1335 3292; x_wconf 90' lang='lat' dir='ltr'>nnllam</span> <span class='ocrx_word' id='word_1_272' title='bbox 1358 3227 1412 3290; x_wconf 92' lang='lat' dir='ltr'>bo-</span> 
     </span>
     <span class='ocr_line' id='line_1_33' title="bbox 34 3312 1411 3399; baseline 0 -23"><span class='ocrx_word' id='word_1_273' title='bbox 34 3313 203 3378; x_wconf 84' lang='lat' dir='ltr'>stilitatem</span> <span class='ocrx_word' id='word_1_274' title='bbox 236 3314 365 3393; x_wconf 80' lang='lat' dir='ltr'>exercui,</span> <span class='ocrx_word' id='word_1_275' title='bbox 401 3316 453 3399; x_wconf 90' lang='lat' dir='ltr'>qni</span> <span class='ocrx_word' id='word_1_276' title='bbox 488 3315 567 3381; x_wconf 86' lang='lat' dir='ltr'>Suae</span> <span class='ocrx_word' id='word_1_277' title='bbox 602 3317 759 3383; x_wconf 88' lang='lat' dir='ltr'>Maiestati</span> <span class='ocrx_word' id='word_1_278' title='bbox 792 3335 853 3381; x_wconf 86' lang='lat' dir='ltr'>una</span> <span class='ocrx_word' id='word_1_279' title='bbox 885 3334 955 3381; x_wconf 90' lang='lat' dir='ltr'>oum</span> <span class='ocrx_word' id='word_1_280' title='bbox 972 3315 1173 3382; x_wconf 79' lang='lat' dir='ltr'>familiamea</span> <span class='ocrx_word' id='word_1_281' title='bbox 1195 3315 1318 3379; x_wconf 89' lang='lat' dir='ltr'>illibata</span> <span class='ocrx_word' id='word_1_282' title='bbox 1351 3312 1411 3377; x_wconf 89' lang='lat' dir='ltr'>lide</span> 
     </span>
     <span class='ocr_line' id='line_1_34' title="bbox 34 3400 1409 3488; baseline -0.001 -24"><span class='ocrx_word' id='word_1_283' title='bbox 34 3418 143 3465; x_wconf 86' lang='lat' dir='ltr'>omnes</span> <span class='ocrx_word' id='word_1_284' title='bbox 178 3402 217 3464; x_wconf 89' lang='lat' dir='ltr'>ad</span> <span class='ocrx_word' id='word_1_285' title='bbox 249 3421 345 3466; x_wconf 91' lang='lat' dir='ltr'>unum</span> <span class='ocrx_word' id='word_1_286' title='bbox 379 3403 607 3480; x_wconf 88' lang='lat' dir='ltr'>inservivimns,</span> <span class='ocrx_word' id='word_1_287' title='bbox 641 3405 693 3488; x_wconf 91' lang='lat' dir='ltr'>qui</span> <span class='ocrx_word' id='word_1_288' title='bbox 728 3403 918 3470; x_wconf 85' lang='lat' dir='ltr'>sufficientes</span> <span class='ocrx_word' id='word_1_289' title='bbox 956 3421 1069 3487; x_wconf 92' lang='lat' dir='ltr'>poenas</span> <span class='ocrx_word' id='word_1_290' title='bbox 1103 3404 1252 3468; x_wconf 87' lang='lat' dir='ltr'>hactenus</span> <span class='ocrx_word' id='word_1_291' title='bbox 1287 3400 1409 3476; x_wconf 88' lang='lat' dir='ltr'>sustuli,</span> 
     </span>
     <span class='ocr_line' id='line_1_35' title="bbox 34 3487 1411 3575; baseline 0 -23"><span class='ocrx_word' id='word_1_292' title='bbox 34 3491 135 3553; x_wconf 90' lang='lat' dir='ltr'>morte</span> <span class='ocrx_word' id='word_1_293' title='bbox 160 3487 227 3571; x_wconf 90' lang='lat' dir='ltr'>ipsa</span> <span class='ocrx_word' id='word_1_294' title='bbox 250 3489 426 3572; x_wconf 66' lang='lat' dir='ltr'>graviorem</span> <span class='ocrx_word' id='word_1_295' title='bbox 451 3493 502 3575; x_wconf 92' lang='lat' dir='ltr'>qui</span> <span class='ocrx_word' id='word_1_296' title='bbox 526 3491 657 3574; x_wconf 90' lang='lat' dir='ltr'>denique</span> <span class='ocrx_word' id='word_1_297' title='bbox 681 3491 712 3556; x_wconf 92' lang='lat' dir='ltr'>in</span> <span class='ocrx_word' id='word_1_298' title='bbox 737 3489 881 3557; x_wconf 87' lang='lat' dir='ltr'>omnibus</span> <span class='ocrx_word' id='word_1_299' title='bbox 916 3490 1045 3566; x_wconf 89' lang='lat' dir='ltr'>obedivi,</span> <span class='ocrx_word' id='word_1_300' title='bbox 1070 3489 1191 3564; x_wconf 81' lang='lat' dir='ltr'>conlidi,</span> <span class='ocrx_word' id='word_1_301' title='bbox 1229 3489 1354 3564; x_wconf 89' lang='lat' dir='ltr'>credidi,</span> <span class='ocrx_word' id='word_1_302' title='bbox 1379 3490 1411 3552; x_wconf 93' lang='lat' dir='ltr'>et</span> 
     </span>
     <span class='ocr_line' id='line_1_36' title="bbox 32 3575 1408 3664; baseline -0.001 -25"><span class='ocrx_word' id='word_1_303' title='bbox 32 3576 138 3640; x_wconf 83' lang='grc'>16111611</span> <span class='ocrx_word' id='word_1_304' title='bbox 162 3575 212 3640; x_wconf 90' lang='lat' dir='ltr'>illi</span> <span class='ocrx_word' id='word_1_305' title='bbox 236 3577 453 3659; x_wconf 84' lang='lat' dir='ltr'>perdonentur,</span> <span class='ocrx_word' id='word_1_306' title='bbox 477 3581 528 3642; x_wconf 88' lang='lat' dir='ltr'>ast</span> <span class='ocrx_word' id='word_1_307' title='bbox 551 3597 606 3662; x_wconf 85' lang='lat' dir='ltr'>ego</span> <span class='ocrx_word' id='word_1_308' title='bbox 630 3581 734 3664; x_wconf 92' lang='lat' dir='ltr'>utpote</span> <span class='ocrx_word' id='word_1_309' title='bbox 764 3580 923 3645; x_wconf 89' lang='lat' dir='ltr'>deterioris</span> <span class='ocrx_word' id='word_1_310' title='bbox 960 3576 1146 3642; x_wconf 87' lang='lat' dir='ltr'>conditionis</span> <span class='ocrx_word' id='word_1_311' title='bbox 1182 3577 1292 3653; x_wconf 84' lang='lat' dir='ltr'>iaetus,</span> <span class='ocrx_word' id='word_1_312' title='bbox 1328 3575 1408 3660; x_wconf 85' lang='lat' dir='ltr'>quod</span> 
     </span>
     <span class='ocr_line' id='line_1_37' title="bbox 33 3663 1411 3750; baseline -0.001 -22"><span class='ocrx_word' id='word_1_313' title='bbox 33 3663 169 3728; x_wconf 86' lang='lat' dir='ltr'>fideliter</span> <span class='ocrx_word' id='word_1_314' title='bbox 189 3664 387 3742; x_wconf 86' lang='lat' dir='ltr'>obediverim,</span> <span class='ocrx_word' id='word_1_315' title='bbox 413 3666 523 3748; x_wconf 91' lang='lat' dir='ltr'>punior</span> <span class='ocrx_word' id='word_1_316' title='bbox 546 3668 584 3730; x_wconf 94' lang='lat' dir='ltr'>ad</span> <span class='ocrx_word' id='word_1_317' title='bbox 608 3668 667 3732; x_wconf 91' lang='lat' dir='ltr'>bno</span> <span class='ocrx_word' id='word_1_318' title='bbox 684 3670 716 3732; x_wconf 92' lang='grc'>61</span> <span class='ocrx_word' id='word_1_319' title='bbox 739 3667 865 3750; x_wconf 88' lang='grc'>6166161,</span> <span class='ocrx_word' id='word_1_320' title='bbox 883 3668 915 3730; x_wconf 91' lang='grc'>61</span> <span class='ocrx_word' id='word_1_321' title='bbox 932 3665 1039 3730; x_wconf 90' lang='lat' dir='ltr'>omnia</span> <span class='ocrx_word' id='word_1_322' title='bbox 1062 3664 1166 3730; x_wconf 90' lang='lat' dir='ltr'>subire</span> <span class='ocrx_word' id='word_1_323' title='bbox 1190 3665 1411 3746; x_wconf 72' lang='grc'>(1616661166-</span> 
     </span>
     <span class='ocr_line' id='line_1_38' title="bbox 32 3751 1409 3838; baseline 0.001 -23"><span class='ocrx_word' id='word_1_324' title='bbox 32 3770 155 3834; x_wconf 84' lang='lat' dir='ltr'>eunque</span> <span class='ocrx_word' id='word_1_325' title='bbox 193 3751 403 3818; x_wconf 88' lang='lat' dir='ltr'>consuluerint</span> <span class='ocrx_word' id='word_1_326' title='bbox 435 3751 519 3838; x_wconf 89' lang='lat' dir='ltr'>Styri</span> <span class='ocrx_word' id='word_1_327' title='bbox 553 3755 585 3819; x_wconf 92' lang='grc'>61</span> <span class='ocrx_word' id='word_1_328' title='bbox 616 3755 726 3838; x_wconf 88' lang='lat' dir='ltr'>reliqui</span> <span class='ocrx_word' id='word_1_329' title='bbox 761 3773 866 3819; x_wconf 90' lang='lat' dir='ltr'>omnes</span> <span class='ocrx_word' id='word_1_330' title='bbox 901 3752 1020 3818; x_wconf 86' lang='lat' dir='ltr'>inimici</span> <span class='ocrx_word' id='word_1_331' title='bbox 1055 3753 1115 3817; x_wconf 92' lang='lat' dir='ltr'>mei</span> <span class='ocrx_word' id='word_1_332' title='bbox 1139 3755 1172 3818; x_wconf 92' lang='lat' dir='ltr'>et</span> <span class='ocrx_word' id='word_1_333' title='bbox 1193 3752 1317 3828; x_wconf 88' lang='lat' dir='ltr'>aemuli,</span> <span class='ocrx_word' id='word_1_334' title='bbox 1356 3752 1409 3833; x_wconf 89' lang='lat' dir='ltr'>qui</span> 
     </span>
     <span class='ocr_line' id='line_1_39' title="bbox 32 3838 1411 3922; baseline -0.001 -18"><span class='ocrx_word' id='word_1_335' title='bbox 32 3839 111 3904; x_wconf 92' lang='lat' dir='ltr'>bona</span> <span class='ocrx_word' id='word_1_336' title='bbox 136 3857 217 3917; x_wconf 86' lang='lat' dir='ltr'>mea,</span> <span class='ocrx_word' id='word_1_337' title='bbox 243 3840 395 3922; x_wconf 84' lang='lat' dir='ltr'>sanguine</span> <span class='ocrx_word' id='word_1_338' title='bbox 419 3843 451 3905; x_wconf 97' lang='grc'>61</span> <span class='ocrx_word' id='word_1_339' title='bbox 474 3841 589 3906; x_wconf 91' lang='lat' dir='ltr'>virtute</span> <span class='ocrx_word' id='word_1_340' title='bbox 614 3841 735 3908; x_wconf 90' lang='lat' dir='ltr'>beroioa</span> <span class='ocrx_word' id='word_1_341' title='bbox 755 3842 893 3906; x_wconf 83' lang='lat' dir='ltr'>familiae</span> <span class='ocrx_word' id='word_1_342' title='bbox 917 3859 1003 3905; x_wconf 86' lang='lat' dir='ltr'>meaa</span> <span class='ocrx_word' id='word_1_343' title='bbox 1026 3839 1169 3922; x_wconf 85' lang='lat' dir='ltr'>aquisita,</span> <span class='ocrx_word' id='word_1_344' title='bbox 1202 3838 1325 3922; x_wconf 92' lang='lat' dir='ltr'>proprio</span> <span class='ocrx_word' id='word_1_345' title='bbox 1359 3856 1411 3902; x_wconf 93' lang='lat' dir='ltr'>no·</span> 
     </span>
     <span class='ocr_line' id='line_1_40' title="bbox 31 3927 1410 4011; baseline 0 -21"><span class='ocrx_word' id='word_1_346' title='bbox 31 3929 95 3991; x_wconf 87' lang='lat' dir='ltr'>stro</span> <span class='ocrx_word' id='word_1_347' title='bbox 127 3929 257 4010; x_wconf 89' lang='lat' dir='ltr'>sumptu</span> <span class='ocrx_word' id='word_1_348' title='bbox 281 3929 314 3991; x_wconf 91' lang='grc'>61</span> <span class='ocrx_word' id='word_1_349' title='bbox 336 3929 435 3994; x_wconf 89' lang='lat' dir='ltr'>multo</span> <span class='ocrx_word' id='word_1_350' title='bbox 470 3929 629 4011; x_wconf 78' lang='lat' dir='ltr'>sanguinis</span> <span class='ocrx_word' id='word_1_351' title='bbox 650 3929 807 4006; x_wconf 84' lang='lat' dir='ltr'>effusione,</span> <span class='ocrx_word' id='word_1_352' title='bbox 830 3928 938 3993; x_wconf 92' lang='lat' dir='ltr'>sudore</span> <span class='ocrx_word' id='word_1_353' title='bbox 961 3931 994 3992; x_wconf 93' lang='lat' dir='ltr'>et</span> <span class='ocrx_word' id='word_1_354' title='bbox 1017 3927 1100 3993; x_wconf 90' lang='lat' dir='ltr'>vitae</span> <span class='ocrx_word' id='word_1_355' title='bbox 1120 3928 1243 3992; x_wconf 86' lang='lat' dir='ltr'>nostrae</span> <span class='ocrx_word' id='word_1_356' title='bbox 1268 3927 1410 3990; x_wconf 90' lang='lat' dir='ltr'>innume·</span> 
     </span>
     <span class='ocr_line' id='line_1_41' title="bbox 30 4014 1261 4104; baseline 0.003 -26"><span class='ocrx_word' id='word_1_357' title='bbox 30 4015 72 4079; x_wconf 89' lang='lat' dir='ltr'>ris</span> <span class='ocrx_word' id='word_1_358' title='bbox 97 4014 255 4098; x_wconf 88' lang='lat' dir='ltr'>perieulis,</span> <span class='ocrx_word' id='word_1_359' title='bbox 286 4016 423 4099; x_wconf 87' lang='lat' dir='ltr'>adusque</span> <span class='ocrx_word' id='word_1_360' title='bbox 447 4018 586 4101; x_wconf 89' lang='lat' dir='ltr'>tempora</span> <span class='ocrx_word' id='word_1_361' title='bbox 609 4017 870 4095; x_wconf 86' lang='lat' dir='ltr'>conservavimus,</span> <span class='ocrx_word' id='word_1_362' title='bbox 896 4014 1076 4081; x_wconf 80' lang='lat' dir='ltr'>anbelant?</span> <span class='ocrx_word' id='word_1_363' title='bbox 1259 4096 1261 4104; x_wconf 21' lang='grc' dir='ltr'>Ι</span> 
     </span>
    </p>

    <p class='ocr_par' dir='ltr' id='par_1_8' title="bbox 910 4100 1303 4169">
     <span class='ocr_line' id='line_1_42' title="bbox 910 4100 1303 4169; baseline -0.01 -1"><span class='ocrx_word' id='word_1_364' title='bbox 910 4102 1021 4169; x_wconf 89' lang='lat' dir='ltr'>comes</span> <span class='ocrx_word' id='word_1_365' title='bbox 1044 4103 1158 4169; x_wconf 89' lang='lat' dir='ltr'>Petrus</span> <span class='ocrx_word' id='word_1_366' title='bbox 1181 4119 1200 4166; x_wconf 88' lang='lat' dir='ltr'>a</span> <span class='ocrx_word' id='word_1_367' title='bbox 1220 4100 1303 4166; x_wconf 87' lang='lat' dir='ltr'>Zrin.</span> 
     </span>
    </p>

    <p class='ocr_par' dir='ltr' id='par_1_9' title="bbox 137 4186 1407 4276">
     <span class='ocr_line' id='line_1_43' title="bbox 137 4186 1407 4276; baseline -0.001 -25"><span class='ocrx_word' id='word_1_368' title='bbox 137 4193 318 4253; x_wconf 78' lang='grc'>111666.</span> <span class='ocrx_word' id='word_1_369' title='bbox 347 4192 393 4257; x_wconf 83' lang='lat' dir='ltr'>Ad</span> <span class='ocrx_word' id='word_1_370' title='bbox 417 4191 468 4255; x_wconf 76' lang='lat'>⁶27.</span> <span class='ocrx_word' id='word_1_371' title='bbox 491 4191 579 4276; x_wconf 82' lang='lat' dir='ltr'>Junij</span> <span class='ocrx_word' id='word_1_372' title='bbox 609 4191 699 4256; x_wconf 80' lang='lat'>1670.</span> <span class='ocrx_word' id='word_1_373' title='bbox 726 4190 992 4258; x_wconf 72' lang='lat' dir='ltr'>considerationes</span> <span class='ocrx_word' id='word_1_374' title='bbox 1016 4189 1149 4257; x_wconf 89' lang='lat' dir='ltr'>comitis</span> <span class='ocrx_word' id='word_1_375' title='bbox 1173 4189 1268 4272; x_wconf 87' lang='lat' dir='ltr'>Zrinij</span> <span class='ocrx_word' id='word_1_376' title='bbox 1287 4205 1342 4272; x_wconf 90' lang='lat' dir='ltr'>pro</span> <span class='ocrx_word' id='word_1_377' title='bbox 1361 4186 1407 4251; x_wconf 93' lang='lat' dir='ltr'>sni</span> 
     </span>
    </p>

    <p class='ocr_par' dir='ltr' id='par_1_10' title="bbox 29 4277 731 4360">
     <span class='ocr_line' id='line_1_44' title="bbox 29 4277 731 4360; baseline 0.001 -18"><span class='ocrx_word' id='word_1_378' title='bbox 29 4277 247 4360; x_wconf 83' lang='lat' dir='ltr'>exculpatione</span> <span class='ocrx_word' id='word_1_379' title='bbox 270 4281 303 4342; x_wconf 88' lang='lat' dir='ltr'>et</span> <span class='ocrx_word' id='word_1_380' title='bbox 324 4279 545 4344; x_wconf 88' lang='lat' dir='ltr'>condonatione</span> <span class='ocrx_word' id='word_1_381' title='bbox 568 4281 731 4345; x_wconf 88' lang='lat' dir='ltr'>lectorum.</span> 
     </span>
    </p>
   </div>
   <div class='ocr_carea' id='block_1_4' title="bbox 70 4369 914 4637">
    <p class='ocr_par' dir='ltr' id='par_1_11' title="bbox 70 4369 914 4637">
     <span class='ocr_line' id='line_1_45' title="bbox 70 4369 156 4430; baseline 0 -1"><span class='ocrx_word' id='word_1_382' title='bbox 70 4369 156 4430; x_wconf 79' lang='lat' dir='ltr'>rora</span> 
     </span>
     <span class='ocr_line' id='line_1_46' title="bbox 530 4451 914 4637; baseline 0 -15"><span class='ocrx_word' id='word_1_383' title='bbox 530 4565 624 4635; x_wconf 76' lang='lat' dir='ltr'>roro,</span> <span class='ocrx_word' id='word_1_384' title='bbox 649 4451 817 4637; x_wconf 51' lang='grc'>6641671116.</span> <span class='ocrx_word' id='word_1_385' title='bbox 845 4561 914 4622; x_wconf 66' lang='lat' dir='ltr'>aas.</span> 
     </span>
    </p>
   </div>
   <div class='ocr_carea' id='block_1_5' title="bbox 24 4660 1393 4838">
    <p class='ocr_par' dir='ltr' id='par_1_12' title="bbox 24 4660 1393 4838">
     <span class='ocr_line' id='line_1_47' title="bbox 133 4660 1393 4750; baseline -0.003 -20"><span class='ocrx_word' id='word_1_386' title='bbox 133 4663 290 4746; x_wconf 75' lang='lat' dir='ltr'>leopoldo</span> <span class='ocrx_word' id='word_1_387' title='bbox 316 4660 473 4748; x_wconf 88' lang='lat' dir='ltr'>priobe&#39;uje</span> <span class='ocrx_word' id='word_1_388' title='bbox 497 4665 658 4750; x_wconf 90' lang='lat' dir='ltr'>vojenomu</span> <span class='ocrx_word' id='word_1_389' title='bbox 682 4661 767 4730; x_wconf 74' lang='lat' dir='ltr'>victu</span> <span class='ocrx_word' id='word_1_390' title='bbox 790 4685 809 4732; x_wconf 92' lang='lat' dir='ltr'>u</span> <span class='ocrx_word' id='word_1_391' title='bbox 833 4663 965 4743; x_wconf 80' lang='lat' dir='ltr'>creden,</span> <span class='ocrx_word' id='word_1_392' title='bbox 997 4663 1037 4729; x_wconf 90' lang='lat' dir='ltr'>da</span> <span class='ocrx_word' id='word_1_393' title='bbox 1056 4663 1089 4746; x_wconf 89' lang='lat' dir='ltr'>je</span> <span class='ocrx_word' id='word_1_394' title='bbox 1113 4680 1148 4728; x_wconf 85' lang='lat' dir='ltr'>aa</span> <span class='ocrx_word' id='word_1_395' title='bbox 1168 4661 1286 4746; x_wconf 80' lang='lat' dir='ltr'>iatragu</span> <span class='ocrx_word' id='word_1_396' title='bbox 1312 4661 1393 4746; x_wconf 84' lang='lat' dir='ltr'>proti</span> 
     </span>
     <span class='ocr_line' id='line_1_48' title="bbox 24 4749 1388 4838; baseline -0.001 -21"><span class='ocrx_word' id='word_1_397' title='bbox 24 4753 119 4820; x_wconf 85' lang='lat' dir='ltr'>Petra</span> <span class='ocrx_word' id='word_1_398' title='bbox 145 4752 335 4818; x_wconf 83' lang='lat' dir='ltr'>Zrinslvomu</span> <span class='ocrx_word' id='word_1_399' title='bbox 357 4751 368 4816; x_wconf 95' lang='lat' dir='ltr'>i</span> <span class='ocrx_word' id='word_1_400' title='bbox 391 4751 499 4838; x_wconf 72' lang='lat' dir='ltr'>Ilvanji</span> <span class='ocrx_word' id='word_1_401' title='bbox 523 4751 727 4836; x_wconf 79' lang='lat' dir='ltr'>llrankopanu</span> <span class='ocrx_word' id='word_1_402' title='bbox 750 4751 872 4818; x_wconf 91' lang='lat' dir='ltr'>odredio</span> <span class='ocrx_word' id='word_1_403' title='bbox 894 4753 989 4819; x_wconf 87' lang='lat' dir='ltr'>oustr.</span> <span class='ocrx_word' id='word_1_404' title='bbox 1021 4749 1194 4834; x_wconf 82' lang='lat' dir='ltr'>dvorslvoga</span> <span class='ocrx_word' id='word_1_405' title='bbox 1223 4750 1388 4816; x_wconf 87' lang='lat' dir='ltr'>kancelara</span> 
     </span>
    </p>
   </div>
   <div class='ocr_carea' id='block_1_6' title="bbox 0 0 1648 5260">
    <p class='ocr_par' dir='ltr' id='par_1_13' title="bbox 0 0 1648 5260">
     <span class='ocr_line' id='line_1_49' title="bbox 0 0 1648 5260; baseline 0 2"><span class='ocrx_word' id='word_1_406' title='bbox 0 0 1648 5260; x_wconf 95' lang='lat' dir='ltr'> </span> 
     </span>
    </p>
   </div>
  </div>
 </body>
</html>
