3246 5266
189 427 256 494 438

825 608 919 692 603.

190 737 284 806 1671,
306 737 348 796 21
371 733 491 810 ekdrpc.
521 733 619 795 Redire
641 734 724 796 Neve
745 737 874 884 'tmoli
896 735 979 882 {aas
999 735 1052 794 Fr.
1076 733 1260 808 frontosae
1283 732 1351 806 pide
1380 732 1539 793 kcocelaru

769 842 814 884 ar.
870 839 901 883 oe
923 841 986 885 eru.

291 961 351 1026 Pro
382 979 522 1044 supremo
553 963 612 1026 duc
636 961 722 1028 aulae
753 960 936 1027 cancellario
968 963 1025 1027 sub
1058 959 1101 1025 24
1133 960 1196 1044 jan.
1223 957 1316 1023 1671.
1350 958 1540 1024 Reiteratnm

187 1068 362 1115 caesareum
378 1051 556 1126 mandatum
574 1051 691 1114 ratione
706 1051 820 1114 cambii
844 1050 902 1114 sub
925 1051 969 1116 30
985 1050 1143 1132 praeteriti
1166 1047 1355 1124 emanatum,
1375 1046 1538 1130 etquidem

187 1137 227 1202 ob
248 1137 406 1203 sinistram
429 1137 675 1202 informationem
698 1139 902 1216 tremendum,
926 1137 1004 1222 quod
1029 1156 1108 1204 nunc
1121 1137 1209 1221 plane
1222 1136 1440 1220 praesentatur
1456 1133 1538 1208 mibi,

186 1245 242 1291 uec
266 1226 434 1308 promerui,
466 1244 521 1290 uec
544 1226 607 1291 ullo
630 1227 717 1291 medo
741 1227 896 1290 extitisset
918 1226 1117 1304 necesarium,
1142 1243 1214 1290 nam
1238 1224 1264 1288 si
1289 1223 1327 1288 ab
1352 1221 1538 1288 Excellentia

185 1316 287 1380 vestra
309 1314 547 1396 suprascriptam
581 1332 679 1378 meam
704 1314 945 1397 exculpationem
968 1315 1091 1379 unicam
1109 1314 1288 1378 tantumodo
1311 1311 1467 1396 syllabam
1490 1327 1538 1392 prc

185 1403 357 1466 omnimoda
381 1401 746 1478 eraclieusbabuissem,
771 1403 862 1467 deum
886 1403 991 1480 testor,
1016 1403 1046 1466 iu
1076 1401 1244 1467 continenti
1267 1401 1536 1480 obtemperassem,

185 1491 325 1574 implicat
338 1489 430 1570 enirn,
454 1491 490 1554 ut
510 1509 564 1554 nec
578 1509 631 1572 per
642 1490 896 1574 imaginationem
914 1509 986 1555 suae
1001 1489 1229 1555 sacratissimae
1245 1488 1418 1572 majestatis
1430 1487 1534 1563 iussui,

185 1578 271 1642 cuius
303 1580 421 1662 gratiae
452 1596 487 1642 ae
511 1578 693 1643 clementiae
717 1583 748 1643 et
775 1580 999 1662 reputationem
1023 1581 1055 1644 et
1077 1578 1173 1643 vitam
1198 1579 1230 1642 et
1259 1578 1437 1641 universam
1467 1574 1535 1639 sub-

184 1665 331 1731 stantiam
352 1666 549 1731 deretissime
573 1666 713 1745 submisi,
738 1667 769 1731 in
794 1666 1006 1732 materiatam
1028 1665 1088 1730 leri
1113 1683 1283 1749 repugnare
1303 1664 1433 1738 rellem3
1461 1661 1536 1727 unde

184 1754 233 1818 bic
256 1772 404 1820 annexam
429 1753 534 1819 debita
558 1755 728 1820 reverentia
752 1755 931 1820 transmitto
954 1755 1168 1838 quietantiam,
1193 1755 1225 1818 et
1243 1755 1335 1836 prout
1357 1751 1474 1834 reliqua
1494 1752 1536 1816 sic

185 1841 280 1906 etiam
304 1843 394 1907 buius
411 1843 556 1924 pecuniae
573 1842 801 1924 dispositionem
823 1843 960 1908 iustitiae
976 1845 1008 1906 et
1031 1841 1219 1908 Clementiae
1231 1859 1393 1907 caesareae
1407 1839 1535 1904 demisse

185 1931 343 1995 commite.
360 1930 452 1995 Hisce
477 1950 525 1995 me
539 1930 744 1996 Excellentiae
761 1935 881 1996 restrae
905 1930 1000 1995 fauori
1024 1949 1060 1995 ac
1084 1930 1262 2014 patrocinio,
1287 1929 1439 2013 siquidem
1462 1945 1531 2008 prae

182 2017 295 2101 frigere
318 2020 350 2082 et
379 2017 530 2101 augustiis
555 2036 659 2100 pereo,
695 2037 748 2101 pro
772 2020 918 2084 ultimate
946 2019 1007 2085 iam
1038 2020 1160 2084 tandem
1193 2017 1401 2084 eliberatiouis
1432 2014 1534 2080 defini·

181 2105 264 2170 tione
287 2106 507 2172 humanissime
531 2108 718 2177 commendo.
755 2107 885 2174 Manena
909 2107 939 2171 in
964 2114 1146 2191 perpetuum
1170 2107 1288 2172 illustr.
1307 2125 1343 2172 ac
1358 2104 1461 2170 lincol.
1485 2105 1532 2168 do-

181 2193 359 2260 minationis
383 2196 512 2260 restrae.
994 2193 996 2200 ’
1339 2269 1342 2274 ¹

286 2283 414 2346 Ordine:
438 2282 536 2347 lllolto
560 2282 677 2348 illustri
700 2281 815 2365 signori
838 2283 1006 2349 Domenico
1027 2283 1156 2349 Zannini
1181 2302 1197 2348 e
1220 2282 1402 2348 Sebastiano
1427 2280 1532 2345 Berni-

180 2371 274 2454 gnoni
297 2370 324 2436 si
358 2372 609 2453 cempiaeeranno
632 2371 664 2436 iu
689 2369 845 2454 sigeradi
873 2374 981 2455 questa
1005 2373 1027 2436 li
1051 2373 1161 2454 quatro
1184 2373 1273 2436 cento
1297 2370 1400 2435 ducati
1430 2388 1530 2451 perre-

179 2459 247 2523 nuti
269 2458 292 2523 li
315 2459 430 2523 damia
453 2460 576 2542 ragione
599 2477 766 2544 eousegnar
789 2459 821 2522 in
846 2461 928 2525 mani
951 2458 1021 2525 dell’
1046 2459 1265 2524 illustrissimo
1288 2460 1320 2524 et
1342 2456 1529 2522 Excelentis·

180 2546 258 2611 simo
283 2548 405 2631 signore
421 2547 533 2612 barone
549 2547 671 2612 Hoeber
694 2546 875 2631 eonsigliere
898 2549 929 2613 di
954 2551 1034 2614 stato
1056 2552 1088 2614 et
1110 2567 1194 2631 supr.
1218 2545 1408 2613 Cancelliere
1430 2544 1460 2608 di
1473 2543 1530 2610 Sua

180 2633 301 2700 Maesta
324 2653 457 2701 cesarea.
482 2635 557 2700 Dico
580 2636 682 2701 ducati
706 2635 780 2700 400.

289 2725 317 2786 U
337 2743 361 2787 c.
386 2727 486 2788 drino.
510 2729 622 2800 talama
645 2728 753 2787 critica
776 2725 891 2786 caesam

811 2898 905 2983 tel.

178 3023 272 3096 1671,
295 3025 415 3086 teneam
436 3026 558 3099 sbdola.
582 3026 680 3087 Redite
702 3027 785 3088 Nece
811 3027 922 3098 ariasto.
952 3026 1036 3086 Korea
1061 3027 1114 3088 Fr.
1137 3026 1322 3100 manamaur
1340 3027 1407 3100 pide
1430 3027 1528 3084 deace-

316 3171 320 3177 .
418 3115 487 3174 tara
510 3116 572 3174 bar.
595 3116 733 3176 Hocberu
757 3115 849 3174 tua'edi
873 3131 903 3174 se
926 3131 968 3173 ua
989 3115 1053 3188 seoj
1074 3116 1167 3191 strepi
1187 3119 1299 3176 aaron.

281 3249 340 3314 Pro
357 3251 478 3316 domiuo
502 3251 687 3317 cancellarie
704 3251 759 3317 sub
781 3251 915 3335 januarii
936 3250 1029 3317 1671,
1053 3251 1211 3336 Tempore,
1233 3272 1292 3338 quo
1307 3271 1409 3319 comes
1426 3251 1526 3316 Mans·

174 3337 236 3402 feld
253 3338 423 3403 custodiam
450 3340 509 3403 mei
527 3341 637 3418 tenuit,
662 3339 815 3405 habebam
838 3339 1041 3424 refrigerium,
1064 3343 1099 3404 ut
1119 3341 1272 3406 ordinarie
1295 3345 1415 3424 praeter
1437 3341 1525 3404 aliam

174 3425 340 3508 aliquando
364 3427 608 3492 sublevationem
632 3449 686 3512 pro
710 3428 857 3492 vescendo
872 3428 939 3493 cibo
957 3448 991 3493 er
1015 3429 1161 3510 spelunca
1185 3449 1253 3494 mea
1277 3448 1350 3494 num
1374 3427 1524 3494 autrofri·

171 3514 333 3598 gidissimo
349 3515 452 3599 (quod,
474 3517 614 3598 quamuis
630 3535 735 3581 omues
748 3515 903 3581 adhibitae
918 3515 1032 3582 luerint
1048 3517 1237 3600 diligentiae,
1254 3516 1386 3582 calefieri
1406 3515 1524 3582 minime

172 3603 289 3686 petest)
313 3603 343 3668 in
374 3604 544 3686 proximum
568 3605 711 3669 educerer
742 3603 934 3690 cubiculum;
972 3608 1021 3669 ast
1044 3607 1075 3670 et
1106 3606 1181 3670 baec
1205 3606 1314 3690 exigua
1342 3604 1524 3671 rsilecillatie

170 3710 225 3774 per
256 3691 437 3756 modernum
461 3692 536 3756 dum
561 3694 763 3775 capitaneum.
795 3693 957 3757 asserendo
982 3693 1061 3758 tales
1084 3693 1257 3777 percepisse
1280 3693 1419 3772 ordines,
1450 3691 1521 3777 mihi

171 3777 324 3855 demitur;
361 3781 439 3844 unde
463 3781 528 3844 tota
551 3781 599 3845 die
631 3781 713 3845 solus
737 3781 909 3845 solissimus
933 3781 1018 3846 omni
1052 3782 1202 3847 consortio
1225 3785 1257 3846 et
1291 3781 1400 3847 solatio
1425 3781 1521 3864 purus

171 3867 343 3951 transigere
359 3867 462 3933 debeo.
488 3867 554 3933 Hee
579 3869 732 3935 innovatio
755 3868 1015 3934 excellentissime
1036 3869 1111 3933 dne!
1135 3863 1179 3934 111Ι
1190 3873 1312 3936 tautum
1335 3889 1384 3934 me
1407 3867 1519 3950 affligit,

169 3956 370 4040 inquantum
395 3957 522 4034 videtur,
556 3975 605 4021 me
629 3958 657 4022 ei
679 3958 817 4041 aliquam
842 3957 957 4022 dedissi
982 3977 1128 4034 causam;
1162 3959 1261 4023 Deum
1285 3961 1388 4022 tamen
1422 3959 1519 4032 testor,

170 4045 249 4127 quod
270 4045 333 4108 teto
353 4047 489 4128 tempore
513 4065 566 4110 nee
580 4065 633 4128 per
656 4044 921 4129 imaginationem,
947 4046 1051 4110 minus
1068 4065 1168 4128 opere,
1193 4045 1310 4130 aliquos
1327 4045 1444 4110 ordines
1457 4063 1518 4108 are-

169 4134 210 4196 sti
239 4135 451 4216 transgressus
485 4133 562 4212 sim,
594 4153 699 4199 rerum
722 4135 805 4199 omni
838 4133 1046 4199 submissione
1071 4136 1102 4198 et
1133 4137 1305 4200 reverentia
1335 4134 1440 4200 iisdem
1467 4131 1518 4196 ob·

168 4219 366 4304 temperavi.“
907 4227 919 4264 l

273 4294 350 4372 rud

796 4397 889 4483 605.

170 4522 561 4597 1⁶71,17eeijate.Bet.
592 4523 718 4598 Replica
740 4525 1094 4601 matraio-austrijskopa
1122 4527 1325 4598 proruentem
1348 4527 1403 4584 dra
1422 4523 1510 4582 Petro

318 4611 419 4688 froya
438 4631 480 4672 aa
502 4613 617 4671 ebranc
636 4631 681 4686 pr.
707 4613 797 4672 Petra
821 4612 986 4688 Zrinslropc
1008 4615 1045 4671 od
1068 4616 1111 4672 27
1133 4613 1210 4673 stad.
1235 4631 1282 4686 pr.
1304 4615 1370 4689 ped.

1594 4709 1595 4745 l

269 4747 330 4809 Der
351 4748 439 4811 Rdm.
466 4749 562 4832 Kays.
586 4751 663 4814 aucb
697 4769 731 4814 zu
754 4751 906 4832 Hungam
930 4752 989 4816 rud
1014 4751 1166 4817 Bdhaimb
1190 4753 1316 4836 Ktuigl.
1341 4751 1419 4835 May.
1438 4749 1507 4812 lirn-

164 4831 332 4913 herzogens
355 4853 390 4896 uu
415 4823 606 4914 Osterreich,
641 4837 755 4900 Vnsers
779 4837 1052 4922 allergnedigsten·
1070 4839 1160 4904 berrn
1186 4841 1245 4904 rud
1269 4839 1506 4914 laudtstirrsteus,
1593 4869 1594 4890 r
