3306 5252
1354 321 1417 388 185

55 499 127 584 ligia
152 499 363 584 scriptotenus
379 498 606 566 renunciaverit
628 519 741 585 easque
763 500 1002 585 consignaverit,
1025 499 1182 565 foederum
1206 499 1238 565 et
1260 499 1415 564 actionum
1459 573 1463 578 ,

57 607 180 654 suarum
204 589 372 671 complices
391 589 471 653 bona
492 589 552 655 fide
576 590 608 654 et
630 607 756 673 syncera
779 589 993 667 nominaverit,
1018 586 1259 666 Cbialtoruiam,
1284 586 1418 669 Leogra-

55 677 137 756 dnm,
162 675 353 754 Gotoribem,
388 676 551 742 Buecarnn
586 679 617 743 et
649 677 859 754 Bueoarizam,
888 695 943 741 nec
973 694 1033 741 non
1063 675 1134 752 alia,
1166 694 1245 758 quae
1273 674 1414 756 possidet

54 763 108 828 ant
124 764 257 843 detinet,
282 764 484 842 munimenta,
509 765 618 848 portus
634 766 727 848 atquo
742 765 902 842 fortalitia,
928 782 1002 828 suaa
1017 763 1175 846 majestati
1189 761 1362 840 tradiderit,
1385 763 1418 826 in

56 869 93 917 ea
115 852 308 934 praesidium
331 869 509 918 caesareum
532 853 704 930 admiserit,
725 852 878 919 Viennam
903 851 1031 934 supplex
1046 860 1078 916 et
1092 850 1343 933 deprecabundus
1363 868 1414 915 ac-

55 939 193 1017 cesserit,
217 943 250 1004 et
272 940 305 1005 in
327 937 456 1022 reliquis
480 959 512 1004 se
539 940 659 1024 gratiae
693 940 726 1004 et
758 939 942 1005 elementiae
971 939 1144 1021 majestatis
1176 955 1249 1003 suae
1273 936 1418 1002 saeratis-

52 1025 152 1091 simae
174 1026 353 1093 humillimo
376 1026 408 1091 et
430 1027 671 1094 inconditionete
694 1027 870 1109 subjecerit,
903 1027 1031 1110 ejusque
1061 1025 1207 1091 mandata
1229 1025 1262 1091 et
1284 1025 1417 1108 disposi-

52 1113 152 1179 tiones
177 1115 341 1180 ulteriores
365 1133 397 1180 se
418 1114 662 1200 adimpleturum
686 1115 907 1180 declaraverit:
931 1113 1010 1198 qnod
1034 1131 1091 1198 ego
1114 1112 1314 1184 haecomnia
1339 1131 1418 1194 puu-

52 1204 102 1266 eta
121 1202 157 1266 in
182 1222 233 1268 rna
256 1202 434 1268 humillime
465 1203 644 1287 suscipiam,
682 1204 858 1284 promittam
889 1205 980 1287 atque
1006 1202 1184 1285 spondeam,
1209 1200 1358 1284 quantum
1384 1200 1416 1263 in

56 1309 104 1354 me
129 1291 200 1368 erit,
234 1309 358 1355 omnem
392 1290 573 1373 possibilem
601 1291 796 1374 diligentiam
825 1290 978 1369 adbibere,
1012 1293 1105 1373 atque
1133 1289 1217 1352 omni
1252 1287 1416 1354 efficatiori

55 1377 150 1442 modo
172 1378 312 1456 suadere,
337 1380 373 1442 nt
397 1397 490 1460 supra
513 1379 597 1444 dicta
619 1379 733 1462 puncta
765 1379 797 1442 in
820 1377 963 1443 omnibus
987 1379 1018 1442 et
1041 1395 1096 1459 per
1110 1376 1213 1442 omnia
1237 1394 1328 1458 saepe
1352 1394 1418 1439 me·
1490 1390 1492 1394 ⁴

55 1467 198 1530 moratus
220 1465 363 1531 dominus
386 1485 489 1531 comes
512 1468 548 1531 de
573 1467 644 1530 Zrin
664 1467 857 1549 quantocyus
880 1466 970 1549 plene
987 1468 1079 1547 atque
1102 1463 1238 1548 perfeeto
1260 1463 1411 1542 observet,

53 1552 179 1635 integro
201 1555 340 1636 praestet
361 1555 393 1618 et
414 1553 594 1635 adimpleat,
619 1553 800 1635 effectuique
824 1553 887 1619 dat.
920 1553 955 1617 ln
990 1553 1078 1636 eujus
1109 1551 1156 1617 rei
1179 1550 1272 1617 fidem
1295 1549 1414 1634 obliga-

49 1641 169 1705 tionem
193 1659 296 1706 meam
320 1641 399 1706 baua
421 1641 546 1724 propria
569 1659 664 1707 manu
688 1641 866 1723 subscripsi,
892 1659 1020 1724 eamque
1042 1641 1148 1704 sancte
1171 1643 1262 1722 atque
1285 1637 1414 1704 inviola-

50 1727 161 1792 biliter
183 1728 391 1812 exequendam
423 1728 481 1793 snb
510 1728 571 1794 fide
602 1728 784 1795 sacerdotali
806 1729 1005 1813 promittens;
1038 1727 1083 1792 sic
1107 1745 1157 1792 me
1181 1727 1255 1792 deus
1279 1725 1415 1809 adjuvet,

50 1815 116 1896 ejus
154 1816 354 1881 sanctissima
390 1817 491 1882 mater
520 1817 607 1901 virgo
641 1815 743 1882 Maria
773 1817 866 1900 atque
894 1833 999 1882 omnes
1034 1815 1134 1880 sancti
1168 1814 1323 1897 electique
1357 1813 1415 1878 dei.

50 1903 190 1968 Viennae
215 1902 256 1968 15
279 1904 387 1988 aprilis
410 1922 489 1970 anno
511 1904 629 1972 domini
656 1903 748 1970 1670.
772 1905 823 1969 ur.
844 1903 969 1969 Marcus
992 1902 1138 1968 Forstell.

525 2188 619 2266 1670,
644 2078 963 2262 1533cn2ciq'a.0ptcaj.

157 2303 327 2388 Zamaljski
348 2305 549 2388 uapovjednil
571 2308 646 2373 Ivau
669 2306 856 2372 Wailrbardt
885 2325 931 2392 gr.
952 2306 1064 2371 Vetter
1086 2304 1165 2370 traii
1188 2302 1225 2368 od
1252 2300 1421 2386 itajerslrih

50 2392 166 2456 stalida
188 2391 280 2474 platu
304 2411 339 2456 aa
361 2392 480 2476 vojsku,
507 2395 648 2475 ,vveillen
671 2395 793 2479 gottlob
821 2394 884 2460 und
907 2392 998 2460 Danlr
1022 2393 1070 2458 die
1086 2392 1246 2476 operation
1262 2391 1316 2455 der
1333 2389 1418 2454 Inscl

48 2479 429 2652 :ilperffistzagtboaslzgrffieff
464 2481 535 2548 dass
570 2482 644 2548 vvier
675 2483 753 2548 alles
784 2483 915 2563 erobert,
946 2482 1009 2548 und
1032 2479 1148 2546 derzeit
1169 2479 1279 2544 bbeiue
1302 2475 1419 2542 Gelabr

94 2657 180 2718 rom.

697 2744 790 2830 aba.

46 2850 467 2926 1670‚16troonjc,Bet.
501 2853 587 2914 Keos
614 2852 763 2914 Loblcooia
779 2853 856 2927 pase
887 2854 969 2914 tuac
1004 2851 1092 2912 Petra
1116 2850 1304 2930 Zrtnsleomu,
1325 2849 1366 2908 dc
1390 2864 1421 2909 se
1459 2871 1469 2884 ·
1551 2894 1555 2901 .

559 2942 669 3015 potori
689 2943 761 3016 oolla?
781 2943 909 3016 curevoj.

160 3056 376 3122 Illustrissime
399 3055 523 3124 domine
545 3078 658 3139 comos,
682 3062 812 3144 cognate
836 3060 1069 3126 amantissime!
1093 3058 1202 3125 Rednx
1225 3060 1314 3141 pater
1343 3057 1421 3122 ucr-

52 3145 134 3210 stall
159 3146 291 3228 exponet
316 3145 435 3211 vestrae
458 3147 691 3214 illustrissimae
713 3148 914 3214 dominationi
940 3147 1196 3231 benignissimam
1213 3147 1423 3210 intentionem
1547 3193 1549 3196 -

52 3249 169 3297 sacrae
184 3251 264 3297 caes.
283 3233 464 3313 maiestatis,
489 3254 653 3318 quaecum
671 3236 784 3302 rationi
800 3237 1005 3302 consentanea
1020 3238 1052 3300 et
1064 3233 1227 3301 securitati
1244 3229 1423 3298 necessaria

48 3321 114 3384 sit:
154 3338 217 3384 non
239 3319 357 3398 dubito,
392 3322 466 3403 quin
489 3323 598 3388 eadem
621 3343 653 3389 se
677 3324 724 3389 illi
746 3324 835 3407 plene
858 3327 889 3389 et
910 3323 1052 3408 prompte
1075 3323 1118 3387 sit
1140 3319 1419 3398 accommodatum,

49 3411 87 3472 ut
113 3408 206 3472 tauto
229 3406 341 3472 melius
365 3405 597 3475 illustrissimae
620 3411 836 3476 dominationis
859 3410 1070 3476 humilissima
1087 3409 1209 3475 devotio
1232 3409 1265 3473 et
1287 3406 1423 3472 fidelitas

49 3513 128 3578 erga
153 3512 245 3560 snam
269 3495 465 3560 maiestatem
488 3500 594 3580 patere
618 3501 650 3564 et
670 3499 741 3565 istis
764 3498 944 3582 periculosis
968 3496 1270 3563 inconvenientiiset
1285 3493 1422 3561 incomoss
1446 3529 1449 3533 ·

48 3582 208 3648 ditatibus
231 3584 320 3648 tanto
342 3579 435 3648 citius
457 3583 530 3649 finis
554 3585 673 3669 imponi
695 3586 803 3670 possit.
829 3585 936 3666 Quoad
966 3604 1025 3663 me,
1049 3603 1219 3668 numquam
1242 3583 1334 3649 deero
1365 3601 1419 3666 pro

48 3689 144 3752 posse
161 3671 283 3734 vestrae
306 3670 536 3737 illustrissimae
559 3672 764 3740 dominationi
788 3692 838 3738 me
861 3675 1015 3739 sincerum
1038 3676 1204 3756 cognatum
1228 3671 1373 3736 exhibere
1390 3674 1421 3735 et

49 3760 97 3822 ila
122 3757 348 3836 demonstrare,
366 3760 500 3841 qualiter
515 3760 621 3827 debita
641 3762 768 3827 realitas
794 3759 906 3845 exigit3
932 3764 964 3825 et
979 3761 1164 3826 remittendo
1181 3777 1230 3824 me
1246 3758 1285 3824 ad
1303 3757 1421 3823 dictum

49 3849 180 3928 patrem
201 3845 254 3928 qui
278 3846 381 3910 omnia
404 3847 594 3914 sufficienter
616 3849 737 3927 referet,
762 3867 829 3915 eam
846 3849 964 3932 optime
995 3848 1097 3913 valere
1120 3847 1218 3930 cupio.
1245 3846 1326 3912 Suae
1349 3844 1423 3909 illu-

47 3933 232 4000 strissimae
263 3933 482 4012 dominationis
513 3937 741 4019 paratissimus.
774 3936 888 4002 Vienae
921 3935 961 4000 lo·
996 3935 1103 4018 aprilis
1136 3935 1229 4000 1670.
1261 3932 1418 3998 illustris-

46 4023 130 4086 simo
157 4021 282 4085 domino
305 4022 412 4086 comiti
436 4021 528 4088 Petro
553 4043 572 4088 a
594 4023 707 4104 Zrinio,
730 4025 859 4108 cognato
882 4022 1109 4090 amantissimo.

99 4112 133 4173 U
154 4111 349 4172 roudnidlcom
372 4113 488 4172 urbica.

49 4343 153 4414 1670,
182 4340 224 4398 16
248 4340 382 4413 travena.
401 4339 471 4399 Boc.
494 4341 579 4401 anea
607 4341 639 4402 V.
662 4232 812 4404 Logbgosstc
833 4345 982 4420 odouacro
1005 4343 1100 4404 basau
1121 4341 1243 4415 Flauia
1267 4340 1305 4399 K.
1322 4339 1425 4399 mon-

46 4431 179 4502 leopanu
200 4444 244 4486 aa
261 4427 360 4500 pisano
383 4428 421 4487 od
444 4430 464 4487 7
487 4447 512 4487 r.
535 4447 572 4488 m.
595 4431 607 4487 a·
629 4447 782 4505 ncqooarc
801 4449 842 4507 pa
865 4433 906 4492 do
927 4449 958 4492 sc
980 4449 1054 4491 curu
1066 4427 1194 4504 podati,
1217 4428 1274 4489 dim
1289 4427 1363 4489 desi
1380 4429 1425 4489 ia·

564 4517 659 4576 laodite?
682 4519 792 4580 carata
813 4519 920 4581 malost.

162 4632 383 4700 Illustrissime
407 4635 530 4702 domine
553 4640 673 4704 comes!
705 4635 789 4715 Quae
819 4638 1036 4704 illustrissima
1067 4635 1236 4701 dominatio
1261 4638 1364 4703 vestra
1385 4638 1425 4701 ad

47 4743 99 4791 me
126 4721 327 4808 perscribere
350 4722 455 4804 libuit,
480 4744 517 4789 ex
541 4721 756 4792 eius'exarata
778 4727 911 4810 epistola
934 4745 953 4791 a
979 4723 997 4788 7
1021 4724 1140 4810 aprilis,
1164 4724 1209 4790 ita
1231 4725 1264 4790 et
1286 4723 1424 4791 ulteriori
1492 4761 1495 4768 ·
