3296 5276
204 297 288 417 vvste

225 525 343 594 Patri
368 543 393 592 u
423 523 566 595 Zrinio
596 527 775 613 Bosjako
804 545 906 596 nuncu
946 525 988 607 to,
1021 529 1054 594 in
1076 525 1162 593 cotto
1195 523 1390 612 nagrsbiensi
1412 523 1580 590 existentia

217 615 382 691 athabita,
404 618 572 696 assumptis
588 619 745 684 nobiseum
760 617 894 703 egregiis
939 617 1036 684 ioolao
1052 615 1211 682 Pisaohich
1226 611 1579 696 etJosnneOsegovicb,

221 721 281 770 uuo
303 703 469 782 avisiensis,
493 704 591 772 altero
613 706 821 790 nagrubiensis
845 706 1081 772 commitatunm
1097 705 1164 770 vioe
1186 705 1318 772 indlium
1330 704 1465 785 aliique
1487 699 1577 765 nobi·

219 793 303 858 libus
324 791 437 856 ibidem
459 793 661 862 existentibus
684 794 903 860 etconstitutis
926 793 975 859 die
987 796 1017 861 4.
1026 792 1180 878 praedicti
1204 797 1320 862 mensis
1341 791 1421 878 junii
1444 790 1574 890 innanno

223 879 309 946 1670
330 880 429 962 primo
451 883 604 949 curiam
632 901 725 948 unam
745 881 777 946 in
801 883 973 965 possesione
996 886 1163 950 sanctae
1186 883 1391 958 Helenae,
1414 878 1577 960 pertinen-

219 968 275 1035 tiis
295 967 416 1032 castelli
437 963 580 1053 Bosjako‚
603 971 635 1036 in
658 971 739 1036 dicto
750 973 835 1036 coitu
845 970 1037 1055 angvebionsi
1050 971 1235 1040 existentem
1248 977 1280 1040 et
1301 972 1443 1038 habitam
1464 966 1578 1032 eondis-

216 1057 375 1132 eavimusa
397 1055 436 1120 ad
457 1059 585 1124 eandem
605 1059 722 1124 curiam
744 1059 843 1124 uoloni
864 1077 919 1143 per
942 1061 1007 1126 tres
1030 1059 1097 1126 dias
1120 1062 1152 1126 in
1174 1063 1302 1139 aestate,
1326 1060 1358 1125 in
1380 1058 1578 1140 hyemavero

221 1165 274 1230 per
296 1145 371 1210 duos
386 1143 452 1209 des
475 1146 642 1213 servientes
664 1149 737 1212 sunt
760 1165 886 1212 numero
908 1147 967 1224 143
988 1169 1043 1232 per
1065 1148 1141 1214 duos
1161 1149 1312 1217 verodies
1336 1149 1369 1214 in
1390 1143 1522 1222 aestate,
1546 1143 1580 1208 et

218 1233 254 1300 in
276 1235 377 1300 bieme
399 1251 452 1314 per
472 1235 661 1302 unumdiem
684 1236 852 1302 servientes
875 1240 947 1302 sunt
968 1255 1093 1304 numero
1115 1237 1166 1304 ¹20.
1192 1239 1311 1305 Vineae
1334 1235 1438 1302 autem
1461 1231 1580 1296 addio-
1643 1252 1644 1312 p

221 1327 287 1389 tum
309 1319 425 1387 onum
447 1324 620 1404 spectantes
643 1324 707 1390 tres
729 1324 810 1401 sunt,
842 1325 874 1388 in
896 1327 961 1392 toto
983 1327 1021 1392 ad
1051 1327 1183 1393 fossores
1206 1329 1332 1394 circiter
1359 1323 1412 1389 90.
1460 1319 1497 1385 [n
1519 1321 1582 1385 ista
1643 1333 1644 1338 ’

94 1491 100 1504 ι
222 1411 308 1478 curia
328 1427 380 1474 reo
396 1408 524 1502 mobiles
536 1411 636 1478 nullus
659 1411 747 1496 plene
769 1411 1027 1489 sunt-inventam·
1040 1431 1117 1480 *nam
1140 1435 1194 1498 per
1218 1416 1379 1482 dominum
1391 1405 1582 1492 Tieffepocb

223 1496 405 1567 colonellum
429 1497 653 1579 ivuuiconsem‚
685 1503 717 1566 et
737 1500 878 1566 homines
901 1502 1037 1586 ejusdem
1060 1522 1166 1571 omnes
1193 1506 1262 1570 'mm
1286 1521 1322 1568 en
1348 1499 1454 1578 cuma,
1486 1513 1582 1579 quam

89 1665 93 1676 ¹
219 1609 295 1656 vero
317 1585 387 1652 aliis
421 1587 614 1669 pertinentiis
636 1587 675 1654 ad
704 1586 868 1654 embolium
891 1589 1024 1674 Boejairo
1058 1596 1151 1675 prout
1173 1611 1209 1658 ex
1238 1593 1305 1675 ipso
1329 1589 1428 1655 etiam
1453 1583 1582 1650 metello

216 1679 296 1744 sunt
325 1673 471 1757 direptae,
493 1692 570 1759 quae
602 1676 683 1742 inira
713 1676 840 1742 uberius
862 1680 1130 1762 specificabuntur.
1175 1680 1346 1748 OfficiaIem
1367 1691 1440 1741 vero
1461 1672 1579 1740 ibidem
1644 1712 1645 1748 v

223 1761 442 1832 constituimus
464 1764 672 1846 providum...
696 1765 771 1832 Inde
786 1765 905 1831 'ivimus
928 1769 967 1833 ad
989 1768 1083 1834 aliam
1105 1771 1220 1835 curiam
1244 1765 1463 1834 Maii-avon
1485 1779 1580 1844 quam

222 1855 290 1939 peri
319 1851 407 1917 modo
428 1852 676 1933 contemnimus,
713 1853 806 1919 nullis
829 1854 944 1921 ibidem
967 1875 1085 1940 quoque
1119 1859 1210 1924 rebus
1232 1854 1400 1922 mobilibus
1433 1849 1581 1934 repertis.

224 1942 274 2008 Ad
297 1941 376 2006 huuc
397 1941 514 2006 curiam
545 1940 644 2006 eoloni
676 1960 730 2026 per
748 1944 815 2007 ‘tres
838 1943 903 2009 dies
926 1945 1114 2025 inmetata,
1145 1945 1179 2011 in
1201 1945 1304 2011 tumme
1329 1958 1401 2008 vero
1425 1956 1481 2023 per
1504 1938 1583 2004 dnos

128 2083 132 2090 .
225 2031 290 2096 dies
314 2026 482 2096 servientes
504 2031 576 2094 sunt
599 2046 726 2095 numero
748 2031 779 2109 4,
800 2047 858 2114 por
880 2033 957 2099 duos
980 2052 1051 2100 vero
1073 2035 1138 2100 dies
1161 2034 1193 2100 in
1216 2033 1334 2100 aestate
1359 2047 1412 2113 per
1437 2042 1535 2092 unum
1550 2028 1584 2092 in

225 2119 326 2184 hieme
356 2116 523 2182 servientes
557 2121 630 2183 sunt
659 2137 787 2184 numero
813 2119 861 2184 13.
887 2121 999 2195 Vineae
1033 2122 1073 2187 ad
1095 2122 1224 2196 eandem
1254 2121 1372 2188 curiam
1405 2116 1585 2198 spectantes

225 2207 300 2272 sunt
321 2205 360 2272 nd
382 2201 513 2270 fossores
535 2205 659 2272 circiter
681 2206 733 2272 60.
757 2206 929 2275 Officislem
952 2207 1068 2276 ibidem
1091 2210 1308 2277 constituimus
1330 2203 1587 2292 providum.
1645 2245 1646 2250 κ

330 2292 409 2374 Quia
431 2310 502 2358 vero
523 2295 618 2359 etiem
649 2293 880 2362 adhaerentium
914 2298 1079 2364 comitibus
1104 2299 1197 2365 Petro
1226 2297 1342 2364 aZrin
1363 2296 1396 2360 et
1412 2291 1587 2357 'Francisoo
1645 2289 1646 2382 t

226 2401 244 2449 u
266 2381 395 2448 'domem
419 2381 497 2446 bona
517 2383 675 2449 confiscari
697 2384 730 2450 in
752 2384 892 2451 comissis
914 2385 1091 2464 babuimus,
1125 2385 1366 2470 Stephanus
1387 2381 1490 2447 autem
1514 2381 1588 2445 Ve-
1645 2395 1646 2398 ’

226 2469 373 2554 reboiy
395 2470 427 2552 in
449 2472 641 2553 possessione
664 2471 927 2553 Statoroucn
953 2475 1147 2557 pertinentiis
1171 2475 1264 2542 castri
1287 2471 1434 2554 Bosjalno‚
1463 2469 1588 2534 oentemn

187 2587 197 2608 ·
229 2557 348 2624 aurium
371 2575 430 2623 nou
454 2557 557 2640 procul
580 2561 620 2625 ab
640 2559 707 2643 ipso
730 2561 858 2627 metello
880 2559 1049 2630 distentam
1073 2563 1285 2648 oum-aliquot
1310 2559 1424 2626 colonis
1445 2556 1589 2640 posside-

231 2647 295 2724 bat,
319 2646 387 2712 ideo
409 2665 464 2729 per
486 2647 651 2712 transitum
673 2667 741 2714 eam
765 2667 883 2733 quoquo
899 2651 1017 2718 curium
1039 2671 1109 2718 cum
1132 2654 1198 2719 suis
1216 2647 1412 2736 pertinentiis
1434 2645 1588 2711 confisca—

229 2734 340 2800 vimus.
363 2733 479 2800 Verum
502 2733 574 2817 quia
589 2737 855 2819 icomseephsros
878 2738 1031 2825 Verebely
1053 2740 1170 2827 inclyto
1192 2736 1373 2806 consistorio
1394 2752 1447 2819 pro
1468 2734 1588 2799 remis·
1646 2747 1647 2766 *

231 2823 314 2889 sione
337 2824 369 2888 et
405 2821 615 2889 reexeoutione
648 2827 811 2891 eorundem
845 2827 995 2894 bonorum
1024 2830 1174 2912 tunquam
1207 2841 1386 2894 uxoreorum
1413 2821 1588 2888 demissam

230 2910 354 2977 iecisset
374 2910 567 2988 instantiam,
590 2930 705 2996 nosque
717 2914 878 2996 superinde
901 2916 1114 2983 demissionem
1138 2918 1178 2984 ab
1200 2915 1320 3001 inclyto
1342 2910 1526 2979 consistorio
1539 2927 1590 2975 re-

233 3000 429 3083 cepissemus,
452 3001 488 3065 ut
503 2999 601 3064 rebus
623 2999 668 3065 sic
689 3002 844 3068 stantibus
866 3006 998 3071 consorti
1015 3005 1152 3088 eiusdem
1167 3003 1320 3088 Stephani
1329 2999 1480 3084 verebeiv
1493 3017 1590 3082 prae-

234 3087 350 3170 scripta
370 3087 451 3153 bona
481 3106 748 3170 resxequoremnr,
766 3109 855 3174 -quae
869 3095 940 3158 “nos
962 3097 1119 3178 comperta
1140 3094 1183 3160 rei
1209 3093 1339 3159 veritate
1362 3090 1440 3155 bona
1472 3105 1589 3154 sumus

231 3177 358 3247 exeunti.

338 3265 406 3330 Pari
430 3279 523 3346 passu
544 3267 652 3333 eadem
675 3260 726 3332 die
747 3267 781 3333 ot
805 3285 908 3334 coram
932 3267 1043 3334 iisdem
1065 3265 1102 3334 V.
1125 3264 1266 3335 turnum
1289 3267 1406 3334 certam
1429 3266 1590 3349 quandam

231 3356 385 3423 curiam
399 3350 603 3420 :sztanion
625 3357 843 3439 nuncupatam,
865 3366 958 3440 prope
981 3356 1132 3423 castulum
1154 3356 1301 3440 'Bosjakn
1325 3371 1395 3420 cum
1411 3354 1477 3419 ooto
1501 3354 1590 3419 eolo·

231 3445 279 3512 nis
301 3443 334 3509 in
349 3441 474 3507 aestate
496 3459 549 3524 per
571 3445 644 3508 tres
658 3443 688 3508 in
706 3443 822 3527 byems
843 3453 915 3510 vero
934 3463 995 3526 ⁴per
1010 3446 1092 3511 ‘dnos
1115 3445 1181 3512 dias
1205 3445 1382 3519 servientes,
1407 3441 1590 3508 confiscavi-

142 3590 145 3598 .
230 3551 317 3609 mus;
348 3527 529 3595 lessedene
550 3532 775 3600 antecedenter.
800 3531 1204 3618 bueruntdigismundi
1236 3531 1508 3614 Sasn'to'bany‚
1536 3531 1590 3596 de-

229 3620 300 3687 inde
324 3636 379 3703 per
410 3615 557 3683 counitum
574 3619 705 3685 rPetrurn
727 3638 748 3684 a
771 3620 873 3686 Zri‘nio
897 3624 1045 3706 occupata
1077 3625 1108 3687 et
1131 3621 1310 3706 Georgio
1332 3617 1589 3686 Matinichio

228 3707 347 3775 tradita
368 3709 399 3772 ot
419 3703 530 3770 coliata
554 3706 656 3786 suere,
685 3709 800 3774 ’deinde
816 3711 959 3792 tempore
993 3709 1280 3789 illins‘seditionis‚
1308 3708 1340 3774 in
1365 3725 1468 3773 mense
1489 3705 1588 3790 apriti

198 3815 309 3886 unno
333 3793 452 3861 omenti
478 3791 572 3872 1670,
604 3811 660 3878 per
689 3796 846 3862 dominum
877 3798 1059 3865 colonellunn
1083 3798 1294 3864 Ivsniceneem
1326 3794 1482 3879 resignas
1512 3797 1590 3860 sunt

228 3885 295 3952 vioe
307 3883 466 3968 capitaneo
479 3881 644 3961 Petriniue,
666 3885 719 3967 qui
741 3884 881 3951 relictum
894 3885 1084 3970 sigismundi
1093 3885 1284 3971 Suantobsny
1299 3883 1331 3950 in
1343 3897 1468 3949 uxorem
1483 3880 1589 3947 duxit.

229 3970 270 4040 Et
285 3970 446 4122 'siquidem
462 3969 549 4036 bona
570 3972 631 4036 istu
653 3984 727 4055 prae
746 3973 889 4038 manibus
907 3974 977 4040 ‘fisci
1000 3975 1076 4058 regii
1100 3976 1213 4052 essent,
1247 3972 1460 4058 perlustranda
1472 3971 1589 4035 efflent

229 4062 315 4145 prins

229 4150 307 4215 bona
329 4147 392 4212 istu
409 4145 657 4230 resignandum
683 4165 754 4213 narn
778 4150 909 4216 nonnisi
931 4151 975 4216 sio
998 4151 1143 4218 dicuutur
1164 4151 1245 4216 bona
1265 4149 1330 4227 ilia,
1347 4148 1443 4215 etiam
1466 4165 1521 4231 per
1534 4147 1587 4212 de-

212 4233 345 4302 ”ieotunn
365 4233 491 4300 seminis
514 4234 599 4301 illiue
622 4235 768 4313 familiae,
785 4248 810 4304 ³a
833 4246 894 4321 qua
916 4239 1017 4313 dictus
1030 4235 1254 4324 'sigismundus
1265 4237 1455 4320 Suantobezy
1470 4235 1585 4300 eedsnn

222 4326 309 4391 bona
329 4323 391 4389 sibi
413 4325 722 4408 compamerut,¹Jure
745 4326 869 4410 quidem
882 4327 1045 4410 perennaii
1067 4329 1121 4394 sed
1138 4327 1204 4393 sine
1227 4343 1376 4392 consensu
1398 4323 1493 4408 regio,
1517 4341 1587 4388 um-

230 4413 302 4480 nino
324 4430 392 4478 esse
414 4411 559 4478 devoluta
578 4411 611 4476 in
636 4411 744 4478 fiscum
768 4414 899 4499 regium.
923 4427 924 4432 ’

334 4498 517 4567 Oonfisoatis
550 4499 803 4582 praecedentibus
837 4501 931 4569 curiis
954 4503 1107 4580 sibonis,
1133 4501 1237 4569 adhue
1259 4501 1316 4568 illa
1337 4499 1445 4567 οιθοω
1468 4499 1516 4566 dte
1537 4497 1587 4564 iu·

232 4587 331 4674 gressi
355 4586 635 4653 snmnscastellum
654 4588 848 4673 Bosjalro,
872 4589 1042 4675 quodcum
1066 4589 1367 4676 universisejusdem
1384 4587 1586 4672 pertiuentiis

163 4729 166 4738 .
231 4674 473 4744 condonavimus.
519 4674 625 4742 Coloni
654 4676 693 4741 ad
723 4676 804 4743 idem
826 4679 989 4746 castellum
1012 4681 1186 4765 spectantes
1217 4677 1336 4745 mediae
1356 4675 1502 4744 sessionis
1527 4693 1585 4760 per

224 4765 360 4849 ‘quatuor
376 4763 450 4828 dies
472 4781 541 4829 onnn
557 4763 674 4831 duobus
694 4765 844 4850 jumentis
861 4769 1036 4836 servientes
1049 4769 1131 4836 *sunt
1153 4765 1206 4836 at.
1228 4766 1300 4834 mlii
1322 4764 1422 4834 coloni
1438 4783 1496 4870 ¹per
1518 4765 1587 4830 tres

349 4057 471 4124 insulta
486 4058 702 4126 instrumentis
721 4061 884 4128 memorati
907 4062 1143 4146 vioe-oapitanei
1156 4061 1322 4134 Pediaios,
1344 4063 1507 4144 aanuam
1535 4057 1585 4124 iili
