3286 5260
1346 336 1411 402 349

64 513 150 576 utrum
178 530 246 576 eam
278 512 429 592 receperit
459 510 520 577 Sua
551 510 710 588 Maiestas,
734 529 790 574 neo
813 528 870 586 ne;
899 511 997 576 habeo
1029 511 1153 593 quidem
1186 511 1237 575 hic
1278 512 1410 594 copiam,

63 600 146 664 solnm
167 599 280 663 scirem
303 599 446 663 libenter.
471 598 708 664 Illustrissimae
735 597 1013 664 excellentissimae
1042 599 1258 664 dominationis
1290 602 1411 665 vestrae

64 689 174 752 servitor
196 686 429 751 addictissimus
453 685 487 750 P.
512 688 530 751 a
551 686 658 750 Zrinii.

149 777 329 836 Nabrbtu:
352 775 525 839 Peterson
552 775 625 838 Zrin
649 791 688 837 an
710 774 750 837 Η.
777 773 891 838 oberat.
916 773 1115 840 Hoffkanzler
1143 775 1215 839 umb
1239 775 1410 851 nachricht,

63 863 93 926 ob
113 863 182 942 sein,
208 863 267 946 bey
291 862 392 926 seiner
414 862 637 944 wecklfihrung
660 863 692 924 iu
715 863 763 924 die
788 860 938 926 Naustatt
960 863 1055 926 durch
1079 863 1138 925 den
1154 861 1294 944 hiesigen
1312 863 1412 928 stato

19 965 22 994 Ρ
63 952 152 1033 querdi
183 951 294 1014 omblt.
331 950 564 1016 Leutenaudten
598 947 850 1013 neberschilrhtes
882 951 989 1014 memt.
1021 969 1076 1032 pro
1103 950 1410 1032 justificationehui,

63 1039 134 1103 lhrer
154 1039 182 1103 l.
208 1037 360 1121 Majesttt
383 1036 557 1120 sibergeben
581 1036 704 1101 worden
727 1055 809 1120 seye.

148 1129 229 1190 aa
685 1210 763 1296 nae

537 1341 630 1407 1670,
654 1341 696 1399 24
719 1341 822 1412 rujna.
847 1339 916 1400 Bed.

147 1476 182 1542 Ο.
209 1477 320 1542 Martio
346 1478 479 1553 Forstal,
506 1479 579 1540 reda
603 1495 647 1541 sv.
672 1476 769 1540 Pesla
792 1478 977 1562 pustinJaka,
1004 1477 1068 1559 pide
1092 1479 1189 1542 kuezu
1211 1475 1410 1543 Lobhovicu:

62 1563 113 1643 ,Er
135 1566 267 1648 privatis
291 1567 475 1648 quibusdam
499 1565 614 1628 litteris
639 1565 776 1628 romanis
793 1565 944 1649 intelligo,
964 1566 1013 1631 vir
1036 1565 1132 1631 ullam
1155 1565 1304 1647 affulgere
1320 1585 1407 1648 spem

61 1655 249 1736 consequendi
274 1655 407 1736 petitum
434 1654 664 1735 episcopatum
697 1655 728 1717 et
761 1652 786 1716 si
819 1653 1003 1717 obtinendus
1033 1655 1083 1729 sit,
1114 1653 1273 1737 negotium
1304 1656 1410 1720 tamen

61 1740 98 1803 eir
117 1759 206 1823 posse
230 1760 290 1805 uno
314 1760 391 1806 anno
417 1739 564 1822 expediri.
588 1740 653 1821 Ego
677 1740 906 1819 comoditatem,
928 1761 1020 1824 quam
1041 1741 1145 1819 habui,
1177 1744 1262 1805 extra
1286 1741 1411 1824 religio·

60 1846 116 1890 narn
138 1828 274 1910 perdidi3
299 1828 330 1892 in
354 1830 411 1893 hoc
433 1829 586 1893 conventu
610 1830 724 1903 autem,
749 1828 823 1892 licet
846 1829 890 1893 nil
915 1831 1045 1894 habeam
1070 1831 1191 1911 praeter
1214 1830 1315 1894 solum
1349 1830 1411 1894 vic·

59 1915 122 1994 hin,
146 1916 272 1982 mallem
292 1919 397 1982 tamen
422 1919 479 1981 hoc
501 1933 605 1980 carere
629 1918 660 1979 et
683 1917 822 1980 ostiatim
847 1917 1029 1995 mendicare,
1055 1935 1147 1998 quarn
1172 1918 1314 1982 tollerare
1333 1934 1410 1999 quae

57 2003 163 2080 tollero,
186 2023 205 2069 a
228 2023 287 2086 quo
311 2007 371 2068 mei
394 2009 496 2086 patres
520 2003 692 2081 sciverunt,
718 2022 767 2067 me
798 2003 942 2068 habuisse
975 2005 1142 2085 repulsam,
1175 2004 1296 2086 quando
1319 2021 1408 2087 prae·

58 2091 208 2155 tendebam
232 2111 357 2156 manere
391 2094 420 2155 in
452 2092 509 2156 hac
541 2091 713 2173 prouincia,
747 2091 796 2155 cni
827 2111 896 2155 sum
928 2092 1139 2174 incorporatus
1164 2137 1171 2154 .
1197 2137 1205 2156 .
1230 2090 1340 2157 Comes
1374 2091 1412 2155 de

59 2177 118 2242 Zrin
140 2179 169 2243 vi
191 2179 403 2244 conuentionis
428 2198 547 2244 mecum
570 2177 675 2254 initae,
710 2178 796 2242 cuius
827 2180 1075 2261 autographnum
1106 2198 1199 2262 penos
1232 2198 1280 2244 me
1304 2179 1414 2258 habeo,

59 2265 147 2330 adhuc
169 2266 263 2332 debet
287 2267 363 2331 mihi
388 2267 425 2329 ad
449 2267 611 2331 minimum
637 2266 723 2329 mille
746 2269 883 2331 aureos.“
916 2267 992 2330 Moli
1022 2267 1126 2348 medju
1158 2267 1226 2345 tim,
1260 2266 1299 2329 da
1330 2265 1411 2330 hudo

59 2353 104 2416 bar
123 2354 248 2420 hranom
273 2354 460 2437 obskrbljeu,
488 2355 543 2436 „ili
567 2374 586 2417 u
610 2355 685 2418 redu
707 2354 741 2418 ili
765 2353 853 2418 iuvan
874 2355 977 2418 radlef*
998 2354 1067 2418 Alo
1084 2354 1153 2418 nebi
1170 2354 1261 2418 dohio
1278 2357 1309 2418 ui
1326 2359 1409 2436 toga,

58 2443 128 2520 prosi
150 2443 208 2506 kod
232 2461 301 2507 eura
328 2443 440 2525 „njeku
465 2441 643 2522 milostiuju
665 2442 700 2505 ili
721 2443 903 2524 poputbiun,
937 2443 976 2506 da
1007 2445 1092 2507 mode
1121 2443 1198 2525 prije
1231 2443 1309 2506 nime
1341 2441 1414 2508 dru-

58 2546 138 2609 gamo
160 2527 262 2595 otic‘i.“
289 2531 391 2594 hasla
415 2531 519 2606 huson,
546 2529 585 2593 de
605 2529 637 2612 je
660 2529 726 2592 vise
750 2548 782 2592 ne
806 2530 926 2611 godinu
949 2529 1030 2594 dana
1053 2529 1163 2605 udinio,
1189 2547 1265 2612 nego
1281 2527 1306 2592 li
1324 2529 1413 2612 drngi

59 2634 88 2677 na
107 2635 198 2699 eroge
215 2620 355 2700 ditauogo
382 2617 628 2700 ministrovnnja.
654 2615 753 2681 Glede
776 2616 860 2700 djece
885 2619 977 2681 Petra
1000 2617 1169 2700 Zrinslroga
1185 2616 1285 2680 misli:
1315 2616 1414 2696 „foret

59 2705 171 2783 proinde
192 2723 269 2786 opus
294 2706 523 2770 misericordiae
551 2705 731 2770 abstrahere
765 2703 861 2768 filiam
886 2705 1070 2769 Auroricam
1094 2724 1112 2769 a
1136 2705 1245 2782 matre,
1278 2705 1310 2768 et
1343 2723 1412 2769 eam

59 2791 166 2856 tradere
188 2791 330 2858 dominae
355 2793 531 2858 comitissae
556 2794 672 2868 viduae,
709 2811 786 2874 quae
810 2811 847 2856 er
871 2811 927 2856 sua
950 2792 1102 2856 charitate
1127 2793 1249 2856 curabit
1272 2810 1341 2857 eam
1364 2793 1414 2857 in-

59 2880 128 2942 strui
150 2898 209 2945 una
231 2899 301 2945 oum
329 2881 452 2964 propria
474 2880 570 2946 filia.“
593 2880 670 2946 Grof
688 2879 763 2944 Ivan
787 2881 894 2944 Antuu
917 2899 1026 2963 mogao
1050 2881 1081 2944 bi
1104 2899 1136 2944 se
1167 2881 1320 2945 obslnhiti
1356 2898 1412 2961 „ex

59 2965 136 3030 honis
157 2968 334 3046 maritimis,
359 2969 539 3046 sciliceta,
568 2967 827 3052 quemadmodum
856 2986 959 3032 comes
984 2969 1095 3033 Petrus
1118 2969 1267 3033 hactenns
1301 2968 1411 3034 babuit

59 3057 135 3134 quasi
156 3057 187 3122 in
211 3059 324 3122 areuda
347 3057 518 3138 portionem
550 3055 739 3120 maritimam
773 3055 895 3120 comitis
927 3056 1051 3134 Adami,
1083 3057 1284 3139 solvebatque
1315 3075 1413 3120 annue

59 3139 147 3207 todo
167 3144 307 3222 florenos,
343 3145 389 3209 ita
413 3145 572 3209 comitissa
597 3143 688 3207 uidua
711 3143 864 3224 acciperet
886 3143 992 3208 eodem
1021 3144 1111 3208 modo
1142 3143 1205 3208 iam
1237 3144 1411 3226 portionem

59 3231 238 3296 maritimam
261 3233 386 3297 comitis
409 3231 538 3297 Joennis
562 3231 700 3309 Antonii,
725 3231 919 3312 solveretque
943 3230 971 3296 ei
993 3249 1092 3296 annue
1109 3231 1237 3296 eandem
1254 3250 1411 3295 summam

59 3365 94 3465 i.
116 3368 123 3383 .
145 3319 187 3382 Hi
208 3320 315 3384 miseri
338 3320 461 3384 nullum
485 3320 602 3385 habeut
638 3319 879 3402 consaguineum
915 3321 970 3383 aut
1000 3319 1135 3396 affinem,
1167 3318 1219 3402 qni
1251 3337 1306 3402 pro
1335 3319 1412 3401 ipsis

70 3409 219 3487 oquatnr.“

155 3497 233 3558 Ibid.

537 3709 630 3778 1670,
663 3709 706 3766 24
729 3709 830 3783 rojna.
856 3708 926 3769 Bcd.

152 3845 208 3910 Isti
233 3861 261 3910 o.
287 3843 394 3910 Marto
416 3844 539 3910 Forstal
561 3844 629 3928 pise
652 3843 837 3910 dvorslromu
854 3845 1012 3910 hancilern
1030 3864 1066 3910 uz
1083 3845 1183 3910 estole
1198 3861 1270 3910 ovo:
1298 3845 1412 3928 „Pater

58 3931 248 4011 provincialis
272 3933 359 4011 dixit,
385 3953 416 3997 se
439 3932 603 4011 audivisse,
628 3950 688 3997 non
711 3932 775 3997 iore
797 3933 921 4016 gratnm
947 3934 1070 4010 caesari,
1096 3933 1123 3997 si
1145 3933 1261 4016 petiero
1283 3932 1316 3996 in
1339 3932 1412 3997 reli-

57 4020 136 4101 gione
161 4040 286 4085 manere
307 4023 339 4085 et
362 4021 572 4098 accomodari3
596 4019 708 4099 nescio,
732 4037 787 4084 cur
808 4020 934 4086 deberet
956 4023 1033 4085 mihi
1057 4021 1194 4104 nogari.“
1224 4019 1310 4085 Prosi
1339 4021 1415 4098 ,ali-

57 4109 128 4187 quod
151 4109 275 4174 vivendi
298 4109 431 4174 medium
454 4109 488 4173 in
511 4125 580 4172 mea
603 4107 770 4186 senectute,
795 4109 859 4174 sive
883 4109 915 4173 in
945 4109 1093 4192 religione
1125 4109 1189 4173 sive
1221 4110 1315 4188 extra,
1349 4107 1413 4172 sive

58 4191 286 4260 hicsisealibi
313 4195 457 4261 ..Cum
485 4196 587 4280 gratia
621 4195 677 4259 illa
711 4213 839 4261 romana
874 4197 916 4261 sit
951 4196 1013 4260 iam
1049 4196 1271 4260 semiconcesse
1303 4212 1324 4258 a
1358 4213 1414 4259 sua

57 4285 213 4348 sanctitate
238 4294 270 4349 et
293 4303 347 4349 suo
370 4287 508 4367 tempore
530 4283 690 4366 promissa,
714 4285 864 4367 praestat,
886 4286 922 4348 ut
938 4284 1003 4349 eins
1019 4282 1214 4348 accelleratio
1230 4282 1410 4366 urgeatur.“

58 4365 121 4433 Sam
140 4371 230 4436 neide
255 4392 273 4436 u
298 4371 380 4450 Rim,
402 4371 451 4453 jer
474 4389 505 4436 se
523 4371 593 4436 nebi
616 4370 707 4454 ondje
728 4372 821 4437 dobro
843 4372 975 4456 gledalo,
1015 4375 1070 4453 „ut
1093 4370 1230 4453 religiosi
1261 4387 1407 4453 persona·

57 4456 121 4522 litor
141 4478 252 4610 rolrgoidse
276 4459 511 4542 praetendant.“
