3308 5252
240 363 261 427 4

240 540 401 618 exercitae,
424 540 475 622 qui
498 541 585 604 tanta
608 538 788 603 victualium
813 537 943 621 penaria
963 536 1135 614 laborabat,
1167 539 1231 600 tam
1257 535 1395 601 homines
1419 553 1513 620 qnam
1537 545 1603 601 anl-

241 627 343 704 malia,
370 630 414 707 nt,
439 627 465 690 si
490 627 613 690 unicam
635 625 785 691 duntaxat
808 624 1033 690 hebdomadem
1057 625 1157 688 adhuc
1180 627 1384 706 expectasset,
1419 627 1515 689 etiarn
1539 626 1605 688 sine

240 715 365 797 proelio,
390 716 498 797 sponte
512 734 577 794 sue,
595 715 712 779 turcico
730 714 845 778 militia
857 715 1011 796 periisset,
1036 731 1072 775 ac
1096 712 1202 795 sagam
1227 712 1373 778 dedisset.
1398 711 1483 791 Quae
1500 712 1604 776 omnia

241 803 404 868 verissima
427 822 493 867 esse
517 821 572 867 nec
596 803 687 867 aliter
710 821 741 866 se
764 801 887 878 habere,
912 801 994 864 ullas
1019 799 1204 881 relinquitur
1222 800 1399 883 ambigendi
1424 803 1518 866 locus.
1542 801 1603 864 Pc-

240 893 322 954 terat
343 891 437 955 etiam
462 909 498 956 ac
522 890 643 954 volebat
666 890 808 954 domiuus
829 891 910 953 Zara
934 889 1066 969 recipere
1091 887 1176 952 facili
1199 890 1323 970 negotio
1349 892 1419 970 post
1442 889 1603 953 obtentam

240 978 402 1042 victoriam
426 978 610 1043 fortalitium
625 977 794 1060 Neuhajsh
818 979 871 1041 sed
884 996 942 1042 non
959 977 1007 1039 est
1026 977 1195 1059 permissus
1211 977 1349 1059 aggredi,
1377 978 1472 1040 immo
1496 977 1604 1040 statim

239 1070 311 1148 post
334 1067 506 1146 victoriam,
531 1066 583 1130 uhi
607 1065 726 1130 hactus
749 1065 814 1129 eius
839 1067 900 1128 iam
929 1063 1073 1145 colligere
1096 1063 1278 1146 oportebat,
1310 1066 1438 1146 accepta
1462 1066 1535 1128 sunt
1558 1063 1604 1128 illi

242 1157 385 1236 quatuor,
409 1155 542 1238 quinque
566 1154 747 1236 regimenta,
773 1155 805 1216 et
828 1152 893 1234 ipse
911 1151 1093 1235 prohibitus,
1118 1153 1334 1234 nequicquam
1359 1154 1504 1217 adversus
1528 1151 1607 1215 Tur·

237 1260 288 1306 cas
308 1244 453 1308 tentaret.

343 1375 448 1439 Rebus
475 1375 577 1456 itaque
602 1373 659 1437 hoo
683 1373 772 1437 modo
795 1373 993 1450 constitutis,
1025 1376 1057 1437 et
1078 1374 1197 1456 quando
1230 1375 1290 1438 iarn
1323 1375 1398 1438 dens
1431 1377 1461 1437 in
1493 1393 1603 1438 manus

240 1465 360 1526 nostras
384 1461 554 1525 tradiderat
577 1461 748 1538 inimicum,
773 1462 973 1544 totaliterque
996 1461 1103 1526 aderat
1133 1462 1260 1540 occasio,
1286 1480 1441 1543 nunquam
1467 1462 1600 1543 amplius

239 1550 387 1626 reditura,
412 1568 481 1614 curn
507 1565 577 1614 ecce
599 1550 722 1632 praeter
745 1568 867 1613 omnem
899 1569 983 1631 spem
1009 1553 1040 1614 et
1063 1551 1238 1632 opinionem
1262 1550 1397 1632 optimus
1428 1551 1460 1612 et
1482 1548 1600 1613 iuvenis

237 1638 448 1720 imperatore
472 1637 535 1702 suis
559 1637 745 1702 consiliariis
770 1637 930 1701 traductus
955 1639 987 1700 et
1005 1656 1169 1719 persuasus
1193 1655 1297 1720 paoem
1329 1656 1400 1701 cum
1422 1636 1530 1701 Tureis
1554 1637 1601 1719 ig-

237 1723 530 1789 nominiosissimam
556 1725 587 1789 in
611 1726 777 1807 perniciem
795 1726 889 1790 totius
902 1725 1151 1800 christianitatis,
1178 1726 1360 1808 praesertim
1378 1727 1482 1789 autem
1507 1724 1602 1789 amis-

237 1813 355 1878 sionem
380 1815 466 1894 regni
480 1813 669 1895 Hungariaa,
695 1813 971 1896 vituperosissirnis
985 1813 1210 1878 conditionibus
1224 1813 1389 1878 conclusit.
1416 1813 1515 1876 lmine
1531 1831 1600 1876 vero

238 1905 302 1965 tam
329 1901 463 1983 turpiter
487 1904 517 1964 et
541 1901 627 1965 faede
651 1920 709 1984 pax
732 1901 793 1966 ista
821 1905 867 1965 est
891 1900 987 1977 inita,
1019 1903 1055 1964 ut
1078 1921 1114 1964 ne
1138 1901 1261 1984 quidem
1298 1901 1383 1964 iuxta
1408 1903 1600 1982 praesentem

236 2008 338 2053 rerum
364 1991 481 2052 statum
506 1989 696 2053 conditiones
721 1990 909 2053 necessariae
934 1989 1093 2070 appositae
1118 1989 1249 2062 faer·int;
1278 2008 1383 2053 verum
1408 1988 1597 2052 conditiones

236 2078 358 2158 aliquae
383 2077 544 2150 tractatae,
569 2081 734 2158 antequam
761 2077 876 2140 bellam
891 2080 1031 2159 apertum
1053 2095 1123 2140 cum
1148 2076 1256 2140 Turris
1283 2077 1485 2151 haberemus,
1510 2077 1597 2139 ante·

237 2183 330 2247 quam
354 2163 458 2247 Vyvar
482 2165 513 2228 et
536 2165 598 2228 alia
622 2164 773 2228 fortalitia
797 2165 1031 2240 amitteremus,
1065 2167 1097 2228 et
1119 2183 1196 2246 quae
1228 2163 1305 2228 nihil
1337 2164 1375 2227 ad
1399 2165 1595 2245 praesentem

235 2253 352 2315 statum
375 2251 532 2316 faciebant
553 2253 652 2315 solum
675 2253 711 2316 ad
735 2271 783 2316 res
800 2252 1051 2336 Transylveniae,
1076 2254 1192 2316 temere
1216 2254 1341 2332 ereptae
1366 2254 1398 2314 et
1417 2250 1448 2313 iu
1474 2269 1600 2334 caspar

234 2339 296 2403 ista
319 2339 582 2420 perniciosissima
606 2339 761 2404 conclusa.
786 2339 914 2404 Poterat
933 2357 989 2402 sua
1014 2341 1169 2416 maiestas,
1194 2340 1313 2421 quando
1329 2339 1469 2402 residens
1495 2341 1599 2402 noster

234 2427 305 2491 illas
330 2445 404 2491 suae
429 2429 586 2492 maiestati
610 2427 844 2509 representavit,
869 2432 960 2510 atque
986 2428 1079 2497 etiarn
1105 2427 1238 2490 debehat
1255 2445 1387 2504 cassare,
1412 2425 1462 2488 vel
1486 2427 1598 2490 saltem

236 2514 274 2578 ad
298 2517 493 2596 praesentem
519 2535 620 2580 rerum
654 2519 771 2580 statum
806 2515 1053 2588 accommodam
1089 2515 1142 2578 sed
1176 2533 1234 2578 non
1267 2515 1358 2590 lecit,
1382 2515 1454 2596 quin
1484 2514 1599 2577 clausis

234 2603 348 2667 occulis
374 2606 405 2666 et
427 2620 517 2668 coece
540 2603 585 2668 ire
608 2604 639 2668 iu
664 2620 729 2668 eam
756 2621 864 2684 pacem
897 2603 984 2665 tanta
1008 2602 1168 2666 celeritate
1194 2603 1365 2679 constituit,
1390 2605 1426 2665 ut
1449 2621 1520 2666 curn
1547 2619 1599 2664 ne·

233 2692 315 2754 mine
339 2710 465 2769 prorsus
488 2709 569 2767 eam,
594 2691 643 2755 vel
659 2691 859 2754 intentionem
882 2689 1030 2753 ineundae
1044 2690 1137 2770 pacis,
1161 2691 1425 2762 communicarem
1451 2709 1510 2754 non
1528 2707 1598 2753 cum

230 2777 366 2860 Ungaris
391 2779 443 2859 (de
466 2796 593 2860 querum
619 2777 684 2842 vita
706 2779 739 2841 et
764 2778 863 2858 patria
885 2778 1060 2860 agebatur),
1087 2795 1145 2840 aon
1172 2797 1242 2842 ovim
1267 2796 1340 2860 rege
1364 2777 1502 2854 Galliae,
1537 2795 1596 2841 non

233 2883 303 2930 cum
327 2866 457 2946 imperio
481 2866 618 2929 Rornano
642 2865 767 2948 (quibus
791 2865 822 2928 in
856 2868 946 2929 verbo
978 2865 1061 2947 regio
1093 2885 1159 2929 sese
1192 2866 1384 2948 obligaverat
1415 2866 1497 2930 nolle
1530 2867 1594 2928 sine

233 2953 278 3017 eis
302 2955 356 3016 aut
378 2969 529 3016 consensu
553 2953 808 3034 ipsorumpacem
824 2951 933 3036 inire);
959 2953 1129 3016 immoillis
1153 2953 1229 3035 ipsis
1245 2955 1363 3032 diebus,
1387 2955 1508 3036 quando
1533 2953 1596 3017 iam

233 3043 299 3104 tota
322 3059 400 3121 pene
424 3058 481 3121 pax
505 3040 642 3104 confecta
665 3040 776 3117 fuerat,
801 3040 924 3123 negavit
947 3058 1003 3103 sua
1027 3039 1172 3104 maiestas
1200 3060 1301 3105 eoram
1326 3041 1516 3124 principibus
1542 3041 1596 3104 ab·

231 3127 344 3210 legatis
369 3146 401 3191 se
425 3130 557 3192 tractare
578 3132 631 3191 aut
655 3126 733 3191 velle
758 3127 834 3190 inire
867 3147 974 3209 pacem
998 3146 1067 3190 cum
1094 3127 1228 3193 inimico.
1267 3130 1307 3192 Et
1330 3130 1375 3193 sic
1395 3129 1523 3193 illusum
1549 3131 1596 3193 est

232 3216 291 3279 toti
315 3215 549 3292 christianitati,
575 3215 694 3296 decepti
720 3233 825 3280 omnes
857 3215 1010 3298 principes
1035 3218 1068 3279 et
1090 3234 1184 3297 regna
1216 3216 1430 3280 confoederata
1461 3235 1515 3299 pro
1541 3219 1597 3281 hec

231 3302 323 3380 bello,
352 3303 427 3366 fides
451 3303 527 3385 ipsis
551 3303 624 3366 data
649 3301 763 3366 violate
786 3323 857 3366 cum
881 3303 1090 3386 inexplicabili
1111 3307 1274 3368 eorundem
1288 3304 1433 3388 diegustu
1455 3309 1486 3368 et
1510 3305 1597 3388 igno-

233 3391 339 3468 minia,
363 3390 514 3454 amissum
538 3391 690 3454 creditum
716 3393 874 3468 nostrum,
907 3391 1028 3455 allectio
1060 3393 1092 3456 et
1123 3391 1209 3456 lavor
1234 3391 1408 3475 principum
1432 3394 1463 3456 et
1486 3411 1597 3474 regno-

233 3496 313 3554 rum,
339 3477 550 3559 effectumque,
577 3484 612 3542 ut
635 3496 775 3560 expresse
792 3477 956 3560 imperium
980 3481 1012 3543 et
1035 3478 1089 3543 alii
1110 3481 1354 3561 pronuntiarent,
1384 3499 1417 3545 se
1440 3499 1596 3562 nunquam

232 3564 365 3647 amplius
380 3565 569 3715 fimperatori
593 3566 709 3631 auxilia
731 3570 839 3631 eontra
862 3566 978 3632 Turres
1001 3567 1138 3647 daturos,
1163 3586 1182 3632 a
1205 3586 1265 3650 quo
1288 3570 1353 3632 tam
1372 3568 1593 3653 praeiudiciose

229 3652 355 3717 tractati
393 3654 521 3718 uissent.

340 3786 384 3849 Ex
398 3787 509 3868 quihus
523 3787 664 3851 omnihus
687 3791 824 3869 apparet,
850 3789 1041 3854 volantatem
1056 3790 1190 3854 defuisse
1215 3791 1314 3868 aulae,
1339 3809 1397 3854 non
1415 3788 1596 3854 facultatem

232 3876 265 3940 et
288 3877 467 3956 potentiam,
493 3873 626 3938 Turtam
648 3876 799 3952 vincendi,
824 3879 939 3940 amissa
971 3878 1187 3959 recuperandi,
1219 3883 1252 3941 et
1274 3878 1403 3942 miseros
1426 3879 1593 3959 Hungaros

232 3961 423 4027 defendendi.
448 3961 514 4025 Aut
538 3962 563 4024 si
596 3979 656 4025 nen
689 3962 799 4026 habuit
829 3965 908 4028 vires
939 3965 1146 4040 sufficiendae,
1182 3985 1220 4028 ne
1243 3967 1290 4030 tot
1322 3965 1446 4048 quidem
1469 3964 1596 4029 auxiliis

231 4050 347 4128 adiuta,
368 4066 525 4130 nunquam
550 4048 694 4131 deinceps
719 4050 863 4114 habitura
887 4052 944 4116 est.
972 4053 1018 4116 Ac
1042 4052 1085 4116 sic
1108 4053 1209 4117 omnis
1232 4071 1303 4135 spes
1320 4052 1456 4136 Ungaris
1480 4052 1517 4116 de
1541 4071 1597 4134 pa-

229 4139 290 4200 tria
315 4157 373 4202 non
397 4137 497 4201 solum
522 4136 732 4217 recuperanda
755 4137 808 4200 sed
833 4142 864 4203 et
887 4139 1097 4203 conservanda
1120 4141 1264 4223 perierit;
1288 4139 1394 4204 vident
1415 4141 1499 4204 enirn
1527 4141 1593 4206 sele

231 4226 401 4290 meridiano
425 4224 548 4302 clarius,
574 4223 676 4288 aulam
701 4243 756 4288 nec
780 4225 891 4290 habere
908 4227 1048 4292 animum
1071 4247 1127 4292 nec
1144 4228 1347 4293 intentionem
1372 4229 1523 4292 ammissa
1547 4249 1595 4292 ra-

232 4315 399 4395 ouperandi
425 4332 522 4395 neque
546 4313 724 4377 habituram
750 4314 779 4376 in
804 4317 976 4394 aeternum,
1000 4334 1096 4398 usquo
1120 4317 1193 4380 adeo
1227 4318 1263 4380 ut
1292 4318 1464 4401 communis
1491 4336 1595 4380 rumor

233 4400 334 4476 luerit,
360 4401 475 4466 dictum
500 4402 594 4466 fuisse
615 4420 634 4463 a
654 4420 712 4466 non
736 4402 858 4465 nemine
881 4403 1097 4484 primariorum
1109 4404 1307 4468 consiliorum
1324 4423 1397 4468 suae
1413 4405 1595 4482 maiestatis,

231 4487 342 4552 melius
367 4509 431 4552 esse
455 4493 490 4552 ut
508 4491 608 4554 Tarca
632 4489 784 4552 Viennam
809 4490 974 4572 possideat,
999 4510 1091 4573 quam
1115 4494 1151 4555 ut
1173 4491 1316 4575 Hungari
1333 4492 1456 4556 Budam
1477 4494 1596 4576 recipe-

233 4576 310 4640 rent.
335 4576 369 4639 ld
393 4576 473 4659 quod
495 4578 681 4642 verissimile
705 4580 795 4656 esset,
820 4578 939 4643 dictum
960 4579 1104 4644 videlicet
1127 4579 1189 4643 tale
1212 4581 1403 4662 imperatori,
1437 4580 1593 4664 siquidem

229 4664 288 4728 hoc
312 4665 414 4745 ipsura
439 4666 553 4747 passim
577 4665 666 4729 libris
690 4667 722 4730 et
750 4667 874 4750 scriptis
904 4668 995 4732 aditis
1026 4685 1062 4732 ac
1084 4667 1254 4750 divulgatis
1285 4667 1357 4733 aula
1382 4668 1486 4752 palam
1519 4687 1589 4754 pro·

230 4751 430 4836 nuntiaverit,
455 4755 488 4818 et
510 4755 659 4820 testatum
683 4753 801 4820 fecerit.
