3300 5248
501 691 595 758 1670,
619 691 639 748 7
661 689 789 761 troeeja.
815 683 947 747 eruam.

138 810 207 893 Voj.
232 808 317 875 uiec'e
339 809 436 893 javlja
458 808 597 873 stelisem
623 807 805 890 lraujslrim,
840 805 881 869 da
900 803 932 886 je
957 823 1007 870 car
1030 823 1065 871 ea
1088 804 1235 887 veseljem
1260 825 1332 870 eaeo
1359 826 1398 871 na

43 898 141 980 znanje
156 899 289 982 njihouu
312 899 509 981 pripravnest
530 916 551 960 u
573 897 706 980 pogledu
730 894 942 977 obslrrbljenja
966 894 1079 976 uojsle,
1106 894 1114 956 i
1139 893 1248 975 ujedno
1272 913 1304 958 se
1321 894 1400 958 neda

44 987 77 1050 da
99 983 132 1088 c'e
154 987 203 1052 oui
225 986 237 1050 i
261 985 399 1069 unapred
415 986 476 1050 isto
500 984 573 1049 talro
596 984 653 1049 biti
675 983 830 1067 pripravni
854 999 894 1045 na
917 981 1063 1065 nahtjeue.

81 1078 155 1136 med.

502 1315 595 1380 1670,
621 1315 640 1370 7
664 1313 792 1385 treverio.
815 1312 944 1372 Gredoc.

143 1433 213 1517 Voj.
237 1431 320 1499 niec‘e
345 1433 409 1515 pise
433 1431 524 1515 grolu
554 1431 788 1508 Herbersteiuu,
822 1432 860 1496 da
883 1450 923 1496 ou
947 1431 1050 1514 valjda
1074 1431 1167 1496 made
1191 1451 1226 1496 za
1248 1433 1399 1516 priprave,

44 1520 107 1602 koje
131 1520 259 1587 Mlebic'i
282 1523 359 1598 dine,
385 1520 396 1584 i
419 1522 487 1585 zato
510 1523 548 1585 da
567 1521 599 1603 je
628 1517 690 1586 ear‘
710 1519 815 1603 poslao
839 1521 1036 1603 perjerenika
1063 1521 1178 1604 Franje
1201 1520 1288 1604 grofa
1311 1521 1400 1586 Diet-

45 1611 204 1674 ricbstaina
229 1629 249 1673 u
272 1608 445 1693 primereine
470 1609 582 1687 strane,
607 1627 695 1690 pram
711 1607 824 1684 Gorici,
847 1608 940 1672 Trete
964 1608 974 1672 i
997 1607 1094 1686 Rieoi,
1118 1607 1158 1672 da
1174 1609 1263 1690 ondje
1279 1628 1315 1675 sa
1329 1627 1398 1691 pro-

46 1696 187 1779 rijantom
211 1698 222 1760 i
248 1696 427 1780 menicijom
453 1697 567 1779 mjesta
596 1695 733 1778 providi;
765 1695 775 1759 i
803 1696 853 1779 J'er
883 1695 917 1759 c'e
951 1695 1004 1760 isti
1038 1695 1174 1760 tomisar
1197 1697 1207 1760 i
1230 1697 1401 1781 Zrinskoga

47 1783 134 1849 dobra
158 1805 177 1849 e
200 1785 353 1868 primorje
384 1784 395 1850 i
429 1784 542 1849 olrolici
571 1783 707 1868 posjesti,
742 1802 777 1847 za
802 1786 833 1848 to
861 1783 938 1848 uela
973 1801 1006 1848 se
1038 1782 1119 1848 stari
1151 1783 1263 1866 sujim
1290 1804 1306 1849 e
1331 1804 1401 1869 spo·

46 1873 247 1956 razumljenje.

681 2072 773 2156 250.

50 2200 134 2266 1670,
155 2202 176 2256 7
196 2199 329 2271 treenja,
356 2181 499 2258 danem.
526 2199 616 2258 Peter
640 2197 763 2258 Zrinsld
781 2200 921 2272 prisneio
944 2217 1017 2258 coru
1035 2199 1115 2272 auojc
1131 2200 1296 2274 poprieska,
1316 2201 1403 2274 prosi

44 2286 242 2360 pomilooonje,
265 2287 341 2360 dolie
362 2303 451 2361 scopu
472 2288 542 2345 eno
562 2305 583 2345 u
606 2285 668 2346 Bell
698 2304 735 2346 aa
766 2289 852 2345 tocco
877 2288 889 2344 i
910 2303 936 2346 o.
962 2285 1103 2346 Forstotu
1134 2304 1172 2347 ro
1193 2291 1271 2362 seoje
1294 2306 1400 2362 eprae-

524 2374 624 2447 duuia
647 2373 761 2447 obeteie
783 2375 921 2448 ejereost.

144 2493 375 2576 Angustissime
399 2511 513 2572 caesar,
538 2493 672 2572 domiue,
705 2494 828 2559 domine
860 2493 1122 2558 clementissime!
1155 2494 1202 2557 lla
1226 2497 1313 2576 patre
1338 2514 1404 2559 ma-

49 2581 140 2662 gistro
162 2581 300 2646 Forstall
323 2583 432 2646 reduce
451 2580 572 2647 abunde
597 2583 746 2658 intellexi,
778 2599 855 2664 quae
886 2582 915 2645 ei
945 2583 1086 2665 princeps
1116 2581 1153 2645 de
1177 2581 1346 2647 Lobkovita
1369 2584 1401 2647 et

48 2668 131 2732 aulae
152 2669 355 2734 cancellarius
378 2671 501 2735 nomine
524 2670 698 2734 maiestatis
733 2674 851 2734 vestrae
879 2687 1021 2733 cesareae
1044 2667 1110 2733 fuse
1139 2675 1399 2752 praesentaverat.

50 2751 122 2818 Cum
145 2756 247 2821 nullus
279 2775 414 2838 unquam
440 2776 456 2822 e
479 2756 600 2822 familia
623 2776 691 2822 mea
722 2757 960 2838 augustissimae
984 2758 1155 2822 austriacas
1183 2759 1286 2823 domei
1320 2758 1401 2822 inter

47 2843 88 2906 tet
118 2845 279 2926 memeque
303 2843 458 2928 ngariae
481 2845 636 2909 tumultus
668 2843 801 2908 infidelis
836 2843 982 2922 extiterit,
1016 2845 1068 2908 sed
1096 2846 1288 2910 constantem
1312 2865 1402 2911 seam

50 2928 135 2994 tidem
157 2932 305 2997 effusione
332 2932 378 2997 sni
409 2933 569 3014 sanguinis
602 2931 778 3014 frequenter
808 2933 1082 2998 demonstraverit:
1118 2933 1208 3013 absit,
1244 2935 1280 2998 ut
1302 2952 1400 3016 egea

51 3019 122 3081 meis
143 3019 309 3085 maioribus
333 3019 528 3102 degenerem,
553 3023 609 3083 aut
629 3020 710 3084 inter
732 3018 870 3084 infideles
902 3037 1094 3084 audemarer.
1128 3020 1175 3084 De
1209 3023 1399 3103 protectione

52 3105 158 3170 turcico
179 3107 376 3190 suscipienda
399 3125 554 3189 nunquam
578 3107 773 3191 cogitassem,
805 3107 864 3171 nisi
894 3107 1045 3189 plurimae
1077 3109 1286 3186 necessitates,
1310 3112 1401 3175 notae

52 3192 108 3255 iam
130 3197 247 3260 vestrae
272 3195 428 3259 maiestati
454 3212 625 3272 caesareae,
653 3195 876 3277 impulsissent.
909 3195 1010 3260 Deum
1042 3195 1137 3260 etiam
1161 3197 1404 3278 omnipotentem

54 3283 144 3346 testor
164 3284 196 3346 et
228 3283 423 3348 solenissime
463 3284 547 3348 iere:
580 3283 689 3365 primo,
721 3282 800 3366 qnod
831 3283 908 3347 uelli
938 3283 1094 3361 tractatui,
1126 3282 1312 3348 conclusioni
1346 3288 1403 3349 aet

53 3371 236 3435 murentieni
260 3390 331 3436 cum
355 3369 463 3435 Tercle
488 3370 721 3452 subscripserim
753 3372 807 3435 aut
831 3390 866 3434 ea
897 3372 965 3434 rata
989 3389 1124 3453 unquam
1148 3368 1331 3448 habuerim;
1356 3390 1405 3435 se·

53 3459 152 3534 eundo,
175 3460 255 3541 quod
287 3458 362 3523 licet
392 3476 506 3541 magua
538 3478 591 3540 spe
621 3460 654 3522 et
680 3460 858 3542 ingentibus
890 3458 1050 3541 premissis
1082 3457 1191 3522 fuerim
1225 3459 1346 3524 illectus
1376 3463 1408 3524 et

53 3543 183 3610 tentatus
205 3565 224 3610 a
248 3545 367 3622 Tereia,
392 3565 547 3627 nunquam
569 3549 673 3610 tamen
697 3565 880 3611 consensum
903 3548 1030 3630 plenum
1055 3547 1087 3610 et
1110 3546 1284 3612 absolutum
1302 3566 1406 3612 eornm

55 3631 272 3698 tentationibus
301 3633 449 3710 dederim,
482 3653 637 3716 nunquam
669 3634 783 3698 serium
813 3636 846 3698 et
876 3634 1041 3698 candidum
1074 3633 1213 3700 animem
1246 3637 1407 3701 habuerim

55 3735 98 3783 mo
119 3721 227 3786 Tercis
251 3721 463 3798 submittendi,
487 3721 587 3787 multe
611 3722 715 3785 mines
732 3721 915 3804 suscipiendi
940 3741 1026 3787 arma
1039 3724 1147 3787 contra
1163 3724 1297 3788 vestram
1314 3723 1409 3788 maie·

56 3807 161 3871 statem
184 3827 361 3875 caesaream
385 3809 415 3873 in
441 3809 567 3874 illorum
584 3809 730 3874 faverem.
755 3809 817 3874 Per
839 3810 895 3874 hec
920 3813 1021 3874 temen
1046 3810 1219 3875 nullatenus
1244 3830 1293 3874 me
1316 3811 1406 3877 iesti-

57 3891 143 3960 ficare
164 3897 299 3974 intendo,
322 3915 504 3979 summeque
529 3898 676 3982 poenitet,
708 3896 787 3978 quod
820 3898 869 3962 vel
899 3899 1012 3961 tentari
1038 3898 1161 3981 quidem
1185 3917 1234 3963 me
1258 3899 1404 3981 permise-

56 3983 119 4047 rim.
144 3983 349 4050 Assecerates
373 3985 477 4067 itaque
501 4004 537 4050 er
561 3984 674 4050 litteris
691 3985 838 4067 principis
856 3987 891 4050 de
908 3985 1079 4050 Leblrovicn
1097 3989 1128 4050 et
1144 3987 1290 4051 relatione
1307 3987 1405 4070 patris

57 4068 94 4134 bl.
117 4071 241 4138 Foratal
270 4073 308 4136 de
340 4070 583 4138 clementissima
615 4074 735 4137 vestrae
766 4072 939 4138 maiestatis
968 4092 1127 4138 caesareae
1159 4093 1231 4158 erga
1263 4093 1312 4139 me
1335 4092 1406 4156 pro·

58 4158 205 4238 pensione,
230 4179 289 4242 qua
315 4179 472 4242 nunquam
496 4180 546 4224 me
571 4162 625 4225 aut
647 4162 739 4225 hasce
762 4164 867 4243 partes
898 4163 1036 4227 deserere
1059 4161 1202 4242 intendit,
1228 4161 1405 4245 provolutus

61 4245 95 4307 ad
116 4265 216 4329 genua
239 4249 360 4312 vestrae
384 4249 558 4316 maiestatis
581 4266 739 4313 caesareae
763 4249 883 4314 veniam
906 4252 989 4333 peto,
1020 4254 1052 4314 et
1074 4269 1133 4328 me,
1157 4270 1285 4335 meaque
1309 4251 1411 4317 omnia

57 4332 222 4401 humillime
247 4339 278 4400 et
302 4335 542 4402 inconditiouate
578 4337 728 4400 submitto
753 4339 785 4402 ot
808 4337 935 4402 remitte
959 4339 1140 4403 clementiae
1163 4343 1283 4404 vestrae
1310 4339 1409 4404 maie-

58 4421 141 4486 statis
163 4441 332 4501 caesareae,
357 4423 540 4505 protectioni
562 4421 733 4510 Tercerem
756 4427 787 4489 et
819 4425 959 4490 eiusdem
993 4425 1113 4492 blandis
1138 4426 1298 4509 promissis
1314 4427 1404 4492 abre·

59 4512 166 4588 nuntio,
190 4513 222 4576 et
244 4512 273 4576 in
299 4512 491 4576 omnimodae
517 4509 675 4577 fidelitatis
700 4515 848 4578 tessaram
872 4513 996 4579 unicum
1016 4514 1116 4579 filium
1132 4531 1235 4579 meum
1251 4515 1405 4582 Viennam

59 4596 151 4665 mitte.
184 4598 314 4665 Caetera
348 4599 453 4663 amnia
490 4598 635 4682 dignetur
669 4600 910 4666 clementissime
945 4602 1049 4666 vestra
1081 4601 1229 4668 maiestas
1263 4622 1407 4670 caesarea

59 4684 155 4752 audire
179 4706 215 4752 er
239 4686 377 4770 praelato
401 4691 487 4769 patre
502 4687 546 4751 ld.
563 4687 696 4767 Foratal‚
720 4707 812 4771 quem
836 4689 912 4754 mihi
936 4689 1032 4753 fidum
1056 4691 1088 4754 et
1111 4691 1232 4756 uestrae
1256 4692 1404 4778 maiesta-v

59 4770 95 4835 tis
106 4793 263 4842 mosareae
284 4773 500 4840 fidelissimum
511 4793 631 4860 semper
643 4777 787 4858 expertus
799 4796 887 4854 sum;
911 4777 944 4843 et
959 4795 1015 4861 ego
1030 4775 1105 4844 data
1120 4778 1288 4862 occasione,
1312 4797 1402 4863 prae·
