3296 5276
1343 347 1413 418 516.

58 524 111 595 tuo.
133 523 249 590 Eodem
271 523 322 591 die
341 525 429 592 curia
448 525 480 590 H
492 543 562 592 nas
575 524 643 609 tje
664 525 696 592 in
718 523 870 592 comitatu
893 523 1014 608 vagrab.
1026 524 1281 611 pertinentiisque
1305 525 1423 595 dictae

58 612 130 678 ercis
142 611 238 697 Ozaly
260 612 427 679 confiscata
451 615 509 680 est.
533 613 570 680 lu
585 615 693 680 eadem
715 615 801 678 curia
823 631 873 680 res
896 612 1027 688 mobiles
1049 614 1192 680 inventae
1215 614 1305 678 sunt:
1329 613 1409 678 1111-
1546 643 1551 659 =

60 702 152 778 monti
176 701 270 766 millii
305 703 470 768 metrettae
504 699 587 768 illins
610 702 671 768 loci
692 701 839 784 kuplenilr
870 701 970 772 diotae
1002 720 1048 767 nr.
1071 699 1124 766 43.
1148 701 1256 768 Paniai
1289 702 1412 784 similes

60 790 217 854 metrettae
241 788 293 868 23,
317 808 442 855 anseres
466 789 518 867 20,
538 789 672 874 gallinae
695 790 746 866 20,
772 791 988 872 praetereaque
1011 789 1097 856 nihil.
1131 788 1212 854 Item
1237 788 1331 858 aliam
1355 807 1409 854 cn·

57 877 130 942 riam
149 875 348 962 Salapno
371 881 590 960 nuncupatam,
620 877 814 963 pertinentiis
836 876 976 960 ejusdem
998 879 1077 943 arcis
1100 876 1205 962 Ouelpa
1228 878 1334 947 eadem
1358 877 1407 942 dia

57 965 293 1044 confiscavimus
317 968 349 1032 iu
373 965 488 1050 quade
511 966 603 1032 rebus
628 964 805 1038 mobilibus,
827 964 974 1031 frumenti
999 965 1142 1032 videlicut
1164 965 1256 1032 millii
1281 961 1421 1032 metret'
1493 1023 1495 1026 .

57 1055 103 1119 tae
123 1053 209 1120 illius
232 1053 294 1120 loci
317 1053 464 1138 lruplenilr
487 1054 587 1121 dictae
610 1055 751 1125 inventae
771 1056 853 1120 sunt.
877 1073 923 1120 nr.
949 1052 999 1131 lt),
1023 1072 1147 1128 anseres
1168 1053 1287 1138 antiqui
1303 1055 1335 1120 et
1351 1053 1408 1121 hu·
1515 1085 1518 1088 ·

55 1140 102 1223 jus
123 1143 199 1208 anni
220 1162 267 1208 nr.
291 1141 343 1222 35,
366 1144 501 1227 gallinae
523 1143 662 1212 indiacae
685 1143 830 1224 antiquae
854 1141 884 1222 6,
911 1159 1017 1207 earum
1042 1141 1119 1225 pulli
1142 1142 1194 1213 36.
1218 1141 1277 1208 Die
1299 1142 1404 1210 eodem

56 1230 170 1297 curiam
182 1227 411 1298 'l'reecheno
435 1231 561 1314 1161111,
585 1231 616 1296 in
629 1231 824 1313 pertiuentiis
839 1231 871 1296 et
883 1229 1045 1308 comitatu,
1058 1229 1106 1297 uti
1130 1231 1331 1312 praemissum
1348 1234 1407 1306 est,

57 1317 239 1394 existentem
261 1317 513 1386 coufisoavimus:
535 1319 568 1384 in
590 1319 753 1396 baccaris
773 1319 920 1386 derebus
941 1317 1107 1385 mobilibus
1121 1317 1268 1388 frumenti
1289 1317 1410 1385 scilicet

58 1405 148 1470 millii
171 1411 312 1491 repertae
334 1410 408 1472 sunt
430 1407 693 1491 metr.·lruplenik
716 1406 818 1470 dictae
843 1425 888 1471 nr.
915 1406 988 1485 100,
1023 1407 1119 1475 tritici
1144 1409 1233 1472 mett.
1256 1407 1309 1486 30,
1333 1425 1409 1491 pan·

55 1493 114 1558 uici
135 1499 228 1563 mett.
251 1494 282 1561 9.
308 1495 340 1561 61
362 1499 484 1578 praeter
505 1496 579 1560 haec
602 1495 690 1562 nibil.
714 1495 831 1560 Deinde
854 1495 970 1561 curiam
987 1497 1019 1562 et
1035 1495 1115 1560 bona
1136 1495 1307 1566 Prioiou
1330 1513 1408 1560 nun-

54 1585 173 1664 cupata,
198 1583 229 1648 in
243 1581 592 1666 pertinentiissimiliter
605 1581 813 1650 etcomittatu
826 1583 986 1666 uti-supra,
1010 1601 1083 1653 cum
1098 1583 1250 1651 universis
1271 1583 1409 1685 ejusdem
1543 1597 1551 1616 ·

55 1671 155 1738 curiae
171 1672 205 1737 et
220 1666 369 1741 bonorum
388 1672 583 1754 pertiuentiis
598 1671 648 1737 die
666 1669 716 1736 14
730 1671 845 1738 mensis
856 1671 994 1755 ejusdem
1016 1671 1096 1754 junii
1120 1671 1355 1742 condecannus
1367 1707 1409 1718 -

55 1759 93 1824 11
114 1759 339 1842 quamcnriam
350 1759 448 1826 coloni
460 1777 514 1845 per
538 1760 692 1843 integram
703 1760 910 1843 septimanam
934 1758 1104 1827 servientes
1127 1761 1201 1826 eunt
1224 1779 1268 1826 nr.
1286 1760 1317 1824 6.
1341 1757 1406 1825 Alii

55 1864 126 1915 vero
150 1867 206 1930 per
229 1848 294 1914 dies
315 1849 445 1931 quatuor
468 1848 541 1914 sunt
564 1867 609 1914 nr.
633 1849 663 1927 9,
687 1847 762 1912 item
786 1847 886 1914 coloni
908 1865 963 1931 per
985 1851 1048 1914 tres
1082 1847 1147 1913 dies
1169 1846 1202 1913 in
1236 1848 1408 1931 septimana

55 1936 225 2002 seruantes
247 1937 321 2004 suut
343 1955 389 2003 nr.
412 1935 442 2016 5,
467 1936 575 2003 deinde
599 1934 653 2000 alii
674 1953 730 2018 per
750 1937 825 2002 duos
848 1935 913 2002 dies
932 1938 1072 2002 suut'nr.
1089 1935 1137 2014 16,
1162 1935 1287 2005 demum
1310 1935 1410 2003 coloni

55 2042 108 2106 per
130 2042 228 2089 unum
250 2023 334 2094 diem
357 2024 525 2112 servientes
547 2025 621 2090 sunt
642 2043 688 2096 nr.
714 2023 745 2086 4.
769 2025 829 2089 Res
842 2025 944 2089 autem
977 2023 1107 2093 mobiles
1130 2025 1164 2088 in
1185 2025 1290 2091 eadem
1314 2023 1410 2103 ouria,

54 2112 174 2194 praeter
194 2113 257 2178 tres
280 2130 396 2192 vaccas,
426 2115 551 2178 taurum
575 2113 717 2190 biennem
733 2130 838 2190 unum,
863 2111 975 2177 vitulos
995 2111 1087 2176 unius
1110 2111 1182 2176 anni
1205 2112 1290 2191 duos,
1305 2111 1411 2177 nullae

54 2203 134 2266 sunt.
159 2200 293 2266 Domum
305 2201 390 2268 curia
412 2200 590 2267 Podbret
595 2201 634 2284 je
657 2202 773 2279 vocatu¹
787 2218 878 2282 penes
899 2197 1188 2282 fluvianolapim‚
1213 2200 1411 2284 inpertinen-

55 2287 105 2352 tiis
129 2289 165 2352 et
187 2290 340 2356 comitatu
363 2288 411 2368 uti
432 2307 535 2374 supra,
564 2289 613 2354 die
638 2288 688 2353 14.
713 2287 860 2369 praedicti
883 2288 997 2352 mensis
1017 2286 1099 2371 junii
1121 2305 1192 2354 cum
1216 2287 1412 2370 pertinentiis

59 2375 197 2460 ejusdem
221 2375 387 2445 confiscata
406 2379 464 2445 est.
494 2378 561 2454 Ista
584 2377 669 2442 ouria
691 2376 759 2442 tota
781 2377 897 2459 quanta
924 2374 1109 2460 depopulata
1131 2377 1254 2460 praeter
1277 2377 1411 2461 gallinas

58 2463 196 2540 indiaoas
215 2461 247 2542 8,
270 2465 372 2548 pullos
394 2483 500 2533 aarum
518 2463 571 2530 50.
594 2483 643 2530 res
667 2463 797 2530 mobiles
819 2463 922 2530 nullae
945 2463 1089 2530 inventae
1111 2467 1193 2530 suut.

166 2550 318 2618 Absoluta
346 2554 586 2637 praemissorum
621 2553 767 2617 bonorum
792 2551 993 2619 daaliensium
1015 2549 1230 2618 confiscatione
1246 2553 1412 2635 assumpto

59 2639 219 2706 uobiscum
235 2639 342 2708 eodem
356 2642 422 2707 vice
444 2639 580 2724 judlium
600 2640 651 2706 die
668 2639 716 2704 16.
740 2639 891 2706 mensis
920 2639 1029 2722 junii
1052 2639 1191 2706 venimus
1214 2641 1259 2707 ad
1283 2642 1413 2707 caste·

59 2728 138 2794 lum
172 2727 342 2806 Bitnik,
366 2730 447 2812 quod
468 2733 557 2796 antea
579 2728 699 2804 comitis
720 2727 804 2794 Petri
827 2747 845 2794 a
867 2727 970 2794 Zriuio
992 2726 1120 2804 fuisset,
1145 2729 1286 2813 idemque
1309 2745 1412 2796 comes

59 2816 90 2880 in
112 2815 282 2882 medietate
302 2816 373 2900 jure
394 2816 606 2895 haereditario,
640 2817 673 2882 in
695 2815 757 2882 alia
779 2835 851 2886 vero
871 2815 1038 2881 medietate
1058 2817 1127 2898 iure
1150 2817 1280 2888 urendae
1310 2833 1414 2899 posse-

61 2903 170 2981 disset,
194 2923 252 2988 que
276 2905 354 2970 bona
377 2906 482 2972 eodem
503 2904 552 2970 die
576 2923 645 2970 cum
669 2904 820 2970 universis
843 2903 981 2987 ejusdem
1003 2903 1124 2970 11111111
1155 2905 1241 2972 bouis
1263 2906 1295 2971 et
1316 2905 1414 2988 perti·

60 2991 176 3057 nentiis
199 2993 401 3082 incomitata
425 2993 632 3077 suprascripto
653 3009 737 3078 aagr.
761 2991 1003 3058 conlocavimus.
1025 2991 1061 3056 Iu
1085 2991 1191 3058 eodem
1214 2993 1341 3060 castello
1364 3011 1414 3061 res

59 3080 193 3146 mobiles
215 3079 350 3165 (praeter
374 3082 552 3165 octuaginta
582 3081 703 3147 circiter
733 3080 818 3145 illiue
852 3080 911 3146 loci
941 3081 1103 3146 metrettae
1133 3080 1282 3164 lruplenilr
1312 3081 1414 3150 dictae

59 3171 90 3234 et
113 3168 236 3250 aliquot
259 3170 422 3236 metrettae
444 3169 581 3254 pannici)
604 3167 705 3234 nullae
728 3169 868 3234 inventae
892 3169 973 3234 sunt.

169 3255 315 3339 Sequenti
328 3257 507 3324 immediate
518 3257 577 3336 die,
602 3255 744 3323 videlices
759 3253 799 3320 16
821 3258 974 3324 mensis
998 3257 1107 3342 J'unii
1129 3259 1169 3327 ad
1191 3256 1415 3328 castellum

59 3344 334 3413 Bosailievo
356 3345 506 3423 venimus,
529 3345 609 3428 quod
632 3345 724 3408 antea
745 3344 915 3410 comitis
938 3345 1154 3411 Francisci
1184 3344 1415 3430 Tersachlvy
1519 3358 1528 3378 '

59 3431 249 3498 marchionis
262 3439 337 3513 erat,
361 3433 503 3516 idemque
515 3429 688 3510 casalium,
700 3431 856 3516 praesenti
880 3432 1415 3518 memoratovicejudliumaliisque

59 3520 298 3606 quamplurimis
320 3519 486 3600 nobilibus,
517 3537 586 3586 cum
621 3519 706 3585 curia
727 3519 826 3589 eidem
850 3521 976 3589 castello
999 3522 1173 3606 adjacente,
1197 3521 1326 3606 aliisque
1346 3522 1416 3588 uui-

61 3609 162 3674 versis
183 3609 378 3694 pertinentiis
405 3628 460 3692 per
482 3626 537 3674 uos
571 3608 737 3674 confiscata
760 3611 841 3674 suut.
887 3608 936 3674 Ad
963 3609 1045 3676 idem
1069 3611 1219 3676 castelum
1243 3609 1415 3677 Bosailievo

60 3699 136 3762 sunt
160 3696 261 3762 coloni
282 3697 407 3762 ducenti
437 3697 605 3780 nonaginta
627 3698 776 3850 quatuor,
807 3697 859 3780 qui
890 3715 945 3779 per
967 3698 1172 3782 septimanam
1195 3698 1415 3776 administrant

60 3784 259 3852 laboratores
276 3784 350 3850 551.
384 3784 610 3852 libertinorum
656 3801 743 3850 omns
766 3787 840 3850 sunt
862 3783 914 3861 93,
946 3789 1111 3867 proventus
1144 3788 1343 3868 pecuniarum
1365 3804 1417 3852 eo·

61 3874 193 3938 rundem
218 3873 364 3939 bonorum
381 3892 489 3958 renen.
512 3873 586 3938 305.
616 3872 759 3938 Aliorum
778 3871 886 3938 deinde
909 3872 1123 3942 libertinorum
1146 3873 1342 3945 valacbovum
1363 3876 1416 3941 do·
1501 3922 1505 3930 .

60 3980 132 4026 mus
149 3961 202 4039 70,
226 3961 402 4045 intorques
414 3961 557 4027 valacbos
573 3960 733 4028 libertinos
748 3963 819 4026 sunt
830 3962 938 4028 domus
950 3963 1124 4028 croatorum
1141 3963 1193 4043 20,
1213 3965 1265 4048 qui
1286 3963 1414 4028 insimul

58 4048 222 4116 annuatim
242 4053 360 4115 certum
373 4068 499 4116 censum
514 4047 578 4114 180
599 4047 741 4128 fiuminor
763 4048 959 4128 rhenensium
983 4051 1183 4133 praestabant
1203 4069 1239 4120 ao
1261 4052 1417 4136 insupera

20 4203 24 4210 ,
62 4137 174 4224 quavis
197 4136 289 4204 domo
312 4139 443 4218 crostica
465 4155 501 4204 ex
525 4136 588 4202 illis
604 4135 716 4220 viginti
738 4135 892 4202 laborator
913 4156 993 4204 unus
1015 4157 1069 4222 por
1085 4141 1292 4223 septimanam
1314 4140 1418 4206 adrui·

60 4226 223 4294 nistratur.
248 4227 408 4292 Decimam
430 4225 586 4303 frumenti,
611 4225 723 4302 ovium,
746 4242 907 4308 caprarum
923 4243 959 4292 ac
977 4226 1108 4292 aliorum
1129 4227 1336 4296 universorum
1348 4228 1416 4294 ani·

60 4313 205 4388 mallum,
227 4315 349 4398 praeter
373 4316 464 4380 boves
487 4314 520 4378 et
542 4331 657 4390 vaccas,
681 4313 801 4380 valacbi
824 4317 991 4396 euentum
1008 4315 1159 4399 Jumentis
1181 4315 1414 4398 annuatimduo

61 4402 223 4486 praestare
245 4405 396 4477 tenentur,
421 4419 525 4485 exquo
548 4403 696 4484 proventu
719 4414 790 4468 oves
813 4403 996 4486 perveniunt
1017 4402 1089 4470 150.
1114 4403 1158 4472 llx
1178 4403 1361 4470 teloniorum
1385 4407 1417 4474 et

59 4491 211 4556 vadorum
242 4490 438 4572 proventibus
461 4490 588 4554 veniunt
609 4490 732 4555 circiter
754 4488 918 4556 rheueuses
946 4491 1023 4570 164,
1055 4491 1191 4576 birsagia
1212 4512 1267 4576 per
1299 4512 1415 4562 annum

59 4575 231 4644 extendunt
254 4597 287 4644 se
309 4579 348 4642 ad
371 4577 535 4642 rhenenses
557 4576 632 4643 500.
661 4577 769 4643 Tritici
792 4579 956 4644 metrettae
978 4578 1063 4644 illius
1086 4579 1144 4645 loci
1167 4580 1315 4664 kuplenilr
1344 4583 1415 4648 111.

60 4667 109 4732 De
132 4664 194 4731 alio
216 4666 356 4750 separato
379 4665 470 4730 millii
491 4665 603 4731 similis
627 4668 790 4732 metrettae
812 4668 986 4749 parimodo
1008 4667 1067 4737 111
1091 4670 1263 4740 metrettae.
1288 4667 1334 4736 Dc
1354 4669 1414 4737 alio

59 4755 204 4840 separato
224 4755 374 4838 proventu
398 4753 494 4822 sitici
517 4754 680 4822 metrettae
701 4752 778 4828 122,
800 4753 879 4821 milii
892 4755 1055 4824 metrettae
1077 4755 1311 4828 similiter122.
1333 4757 1415 4828 Ave-
