3306 5252
253 363 320 430 234

254 543 427 627 synceratio
450 543 572 608 nostrae
595 543 775 609 intentionis
808 546 841 609 et
863 543 1051 610 habebimus
1079 543 1332 609 commoditatem
1363 543 1395 608 id
1427 543 1527 626 ipsum
1557 542 1632 607 efli-

256 631 365 696 ciendi.
390 630 498 696 Comes
522 631 619 695 banus
642 632 827 715 approbavit
849 633 1034 714 opinionem,
1065 631 1203 714 mihique
1235 631 1391 696 commisit
1424 631 1627 714 suprafatam

257 717 454 802 promulgare
487 718 612 798 famam,
645 719 828 802 imponendo
858 722 1016 802 praeterea
1037 720 1180 784 omnibus
1204 719 1268 785 suis
1299 718 1466 801 capitaneis
1489 738 1541 782 me
1568 735 1627 800 pro

258 808 395 889 ipsorum
420 806 568 869 directore
593 825 756 888 agnoscere
780 809 812 872 et
832 807 981 890 respicere
1015 807 1132 884 debere,
1157 808 1213 872 hoc
1236 809 1338 871 autem
1364 807 1440 888 ideo,
1471 808 1508 870 ut
1527 823 1629 889 quas-

259 911 377 974 cunque
412 911 516 956 eorum
548 893 727 959 insolentias
760 897 791 959 et
823 895 1008 977 capriciosas
1037 895 1280 959 machinationes
1311 894 1460 959 divertere
1489 894 1626 977 possim.

259 983 337 1045 Tum
359 980 486 1044 discessi
511 979 702 1046 Cialrthurna
736 986 768 1047 et
802 982 984 1066 Zagrabiam
1019 982 1133 1065 appuli,
1169 983 1221 1047 ubi
1253 981 1291 1046 ob
1316 982 1490 1064 divulgatae
1515 980 1629 1045 Buko-

259 1067 371 1151 vatslry
394 1067 645 1134 comminationes
669 1070 881 1136 incredibilem
900 1071 1010 1154 reperii
1031 1069 1246 1145 confusionem,
1271 1070 1303 1134 et
1325 1070 1469 1136 miseram
1494 1069 1627 1150 plebem

257 1175 377 1219 summe
401 1155 608 1237 perterritam,
641 1175 717 1240 qnae
748 1178 784 1222 er
817 1159 901 1223 omni
931 1159 1019 1241 parte
1050 1157 1088 1221 ad
1113 1177 1161 1221 me
1184 1155 1368 1236 confluebat,
1393 1157 1627 1238 protectionem

257 1243 459 1324 implorando.
484 1243 549 1326 Ego
572 1245 734 1327 unicuique
758 1247 933 1328 exposcenti
957 1248 1002 1310 rei
1025 1247 1144 1310 statum
1167 1246 1257 1308 modo
1280 1246 1455 1310 concertato
1477 1261 1629 1307 commu·

259 1330 370 1406 nieavi,
395 1331 453 1395 hac
477 1349 619 1414 expressa
648 1332 864 1414 declaratione,
895 1339 954 1398 non
977 1334 1045 1398 ideo
1068 1332 1122 1396 ulli
1147 1333 1311 1414 quidquam
1335 1331 1535 1414 praeceptorii
1562 1331 1627 1394 im·

258 1418 331 1501 poni
354 1418 404 1482 vel
427 1418 614 1497 demandari,
641 1421 692 1484 sed
716 1441 791 1504 pure
815 1425 887 1503 pute
912 1421 1066 1487 discursus
1089 1422 1190 1504 gratia
1214 1419 1289 1484 lieri.
1313 1419 1429 1484 Verum
1453 1437 1521 1484 esse
1550 1417 1626 1500 qui·

259 1508 328 1570 dem
353 1525 371 1570 a
393 1505 502 1570 Turois
534 1507 702 1589 praefixum
739 1509 844 1574 comiti
876 1509 955 1575 bano
987 1509 1091 1574 extare
1125 1508 1303 1583 terminum,
1339 1508 1370 1571 in
1393 1524 1428 1571 eo
1452 1524 1561 1571 omnes
1589 1507 1623 1568 et

259 1593 410 1676 singulos,
435 1594 488 1675 qui
510 1613 542 1659 se
565 1595 718 1661 voluerint
740 1597 891 1679 subjicere
911 1599 948 1662 ad
973 1614 1062 1661 suam
1085 1594 1179 1660 dandi
1202 1595 1354 1660 notitiam.
1378 1593 1466 1660 Haec
1481 1591 1623 1657 formula

259 1680 432 1760 locutionis,
456 1682 696 1748 clementissime
720 1684 898 1766 imperator,
924 1685 969 1749 uti
989 1683 1089 1762 audio,
1115 1682 1191 1748 mihi
1215 1682 1389 1766 imputatur
1413 1683 1443 1746 in
1467 1681 1626 1746 extorsio·

261 1788 332 1832 nem
354 1769 491 1852 homagii
515 1773 548 1834 et
564 1771 734 1853 juramenti
754 1773 861 1838 Turris
884 1776 921 1837 ad
946 1772 1138 1849 fidelitatem,
1161 1773 1197 1835 de
1220 1789 1289 1853 qua,
1324 1771 1415 1834 deum
1432 1772 1540 1846 testor,
1569 1785 1627 1831 nec

264 1856 424 1932 somniavi,
449 1875 505 1921 nec
528 1859 559 1921 iu
583 1859 770 1942 cogitatione
792 1860 885 1925 habui
909 1861 1010 1938 aliter,
1035 1859 1094 1924 nisi
1118 1860 1154 1923 ut
1176 1877 1211 1924 eo
1232 1858 1324 1924 citius
1342 1857 1500 1940 perveniat
1516 1873 1628 1921 rumor

263 1943 301 2008 ad
326 1944 488 2009 consilium
515 1943 686 2013 Graecense
708 1950 739 2012 et
761 1947 833 2013 inde
857 1950 896 2014 ob
920 1947 1066 2014 materiae
1095 1945 1346 2011 incertitudinem
1379 1945 1457 2009 serio
1481 1945 1627 2026 requira-

264 2051 333 2096 mur
356 2031 394 2098 de
417 2034 530 2097 nostris
552 2035 842 2100 machinationibus.
865 2033 1023 2115 Quantum
1047 2052 1134 2118 porro
1157 2035 1269 2099 attinet
1291 2033 1501 2098 conliniariam
1526 2048 1626 2096 anno·

263 2138 334 2184 nam
357 2139 410 2202 per
435 2140 483 2184 me
500 2120 669 2204 Zagrabiae
685 2124 853 2203 detentam,
878 2123 1117 2188 clementissime
1133 2122 1309 2204 imperator,
1333 2139 1382 2184 res
1397 2121 1443 2185 ita
1461 2119 1625 2186 sehabet:

265 2206 339 2289 Oap.
365 2207 577 2293 Bulrovatrlry,
603 2209 655 2291 qui
679 2211 803 2276 realiter
826 2211 957 2294 putabat
979 2229 1033 2275 nos
1056 2227 1127 2274 cum
1150 2208 1257 2274 Turcis
1282 2209 1459 2274 firmissime
1477 2205 1625 2289 conjunc·

266 2295 322 2372 tos,
347 2297 556 2378 praesumpsit
576 2297 645 2376 sibi,
671 2299 765 2363 etiarn
790 2302 896 2364 contra
917 2298 1064 2364 mandata
1086 2298 1118 2360 et
1140 2296 1338 2361 inhibitiones
1355 2314 1448 2374 meas,
1472 2293 1628 2378 quasdam

261 2401 297 2446 er
319 2382 386 2446 odio
410 2383 529 2465 privato
551 2387 727 2468 perpetrare
761 2387 952 2466 insolentias,
981 2404 1050 2452 oum
1074 2383 1152 2450 alias
1177 2403 1283 2448 omnes
1309 2383 1471 2449 ulteriores
1496 2399 1629 2465 praepe-

261 2470 393 2534 direrim
417 2471 607 2537 hostilitates
630 2475 662 2538 et
684 2473 865 2539 invasiones.
887 2475 951 2539 Iste
975 2473 1152 2558 intelligens
1174 2471 1266 2538 huius
1289 2490 1426 2537 annonae
1441 2471 1629 2535 descensum

262 2577 315 2639 per
336 2557 465 2622 fluvium
491 2559 607 2625 Savum
629 2561 668 2625 ad
693 2562 831 2639 confinia,
853 2561 976 2646 publice
999 2561 1059 2626 fuit
1081 2559 1285 2625 comminatus
1309 2578 1377 2624 eam
1399 2555 1629 2640 intercipiendi,

263 2647 294 2709 et
316 2645 348 2707 in
370 2646 451 2710 hunc
475 2646 618 2712 effectum
641 2647 706 2731 jam
731 2649 871 2714 homines
902 2649 1133 2726 subornaverat,
1164 2647 1243 2712 unde
1270 2648 1319 2712 his
1351 2647 1425 2712 visis
1448 2665 1485 2710 ne
1504 2661 1629 2710 annona

264 2732 469 2814 periclitetur,
508 2735 555 2798 uti
590 2738 621 2798 et
651 2736 717 2818 ipse
752 2736 938 2803 annonarius
978 2736 1127 2819 magister
1169 2734 1361 2800 civitatensis
1393 2733 1626 2816 supplicaverat

266 2838 321 2903 pro
346 2821 412 2901 ejus
437 2821 622 2886 conductura
645 2823 684 2888 ad
704 2823 873 2904 civitatem,
913 2823 1022 2888 resolvi
1056 2841 1112 2906 pro
1146 2821 1265 2887 meliori
1297 2841 1364 2889 esso
1397 2841 1453 2906 per
1483 2820 1626 2885 subditos

266 2906 392 2971 comitis
417 2906 489 2972 bani
511 2909 685 2975 universam
709 2912 864 2995 adportari
896 2929 1013 2988 curare,
1045 2929 1122 2994 quae
1150 2911 1182 2974 et
1203 2909 1263 2975 fnit
1285 2928 1304 2975 a
1328 2911 1447 2975 civibus
1470 2908 1628 2973 intutum

266 2996 298 3058 et
315 2994 510 3059 commodum
534 2996 671 3078 deposita
694 2998 797 3064 locum
822 2999 887 3064 sine
912 3000 1002 3064 unius
1027 2997 1133 3082 veguli
1155 2997 1366 3064 distractione.
1405 2995 1506 3061 dudio
1531 2995 1625 3059 eliam

267 3082 416 3162 accusari,
435 3101 484 3147 me
511 3084 642 3150 voluisse
665 3085 698 3151 iu
723 3087 860 3169 praefate
877 3087 1003 3152 civitate
1027 3085 1226 3169 Zagrabiensi
1249 3085 1450 3150 ducentorum
1466 3083 1626 3148 hominnm

266 3169 367 3234 locare
391 3171 587 3252 praesidinm,
612 3175 689 3256 quod
714 3175 820 3239 tamen
850 3193 910 3240 non
942 3174 1085 3240 effectum
1109 3193 1167 3239 non
1190 3191 1277 3256 nego,
1300 3173 1543 3238 clementissime
1567 3168 1625 3233 im·

266 3258 408 3340 peratum
429 3257 504 3322 haec
526 3261 630 3324 autem
655 3264 721 3327 erat
736 3262 875 3327 intentio.
902 3261 1059 3345 Siquidem
1082 3261 1195 3326 misera
1217 3279 1293 3344 gens
1317 3279 1336 3325 a
1359 3257 1625 3342 strepitationibus

270 3344 386 3409 domini
408 3345 609 3432 Bulrovatzlry
631 3351 795 3431 perterrita
817 3349 889 3414 hine
913 3349 983 3414 inde
1006 3349 1070 3414 suis
1091 3347 1224 3414 miseriis
1246 3348 1441 3432 profugiebat
1462 3349 1495 3411 et
1518 3342 1623 3410 inviis

266 3433 359 3497 etiam
384 3433 640 3515 depredabantur,
661 3439 734 3504 tunc
757 3437 794 3504 ad
825 3455 1021 3502 communem
1044 3436 1226 3502 instantiam
1259 3436 1489 3519 designaveram
1517 3433 1626 3498 civita-

268 3522 331 3585 tem
356 3538 410 3604 pro
433 3539 535 3586 rerum
560 3525 772 3606 receptaculo;
807 3545 844 3590 ne
870 3526 974 3590 autem
1006 3543 1060 3607 per
1090 3524 1228 3589 homines
1258 3523 1426 3588 dissolutos
1448 3520 1620 3606 periculum

268 3608 417 3685 subirent,
443 3626 494 3689 pro
511 3611 651 3677 custodia
673 3613 845 3678 necessaria
870 3631 921 3678 eos
946 3612 1011 3676 200
1039 3611 1187 3696 deputare
1210 3611 1361 3676 volebam.
1390 3608 1478 3689 Quod
1498 3610 1620 3674 demum

269 3695 372 3778 plures
404 3695 498 3761 etiam
534 3700 726 3780 operationes
761 3702 792 3766 in
822 3701 972 3766 maximos
995 3699 1238 3782 interpretentur
1260 3716 1426 3772 excessns;
1461 3697 1486 3762 si
1520 3699 1619 3761 vestra

267 3784 403 3848 maestas
427 3785 637 3851 sacratissima
660 3787 881 3872 benignissime
909 3786 1151 3864 demandaverit,
1183 3786 1308 3870 paratus
1340 3804 1409 3851 sum
1432 3786 1468 3850 de
1496 3781 1623 3868 siugulis

270 3870 394 3936 reddere
417 3874 578 3950 rationem,
613 3893 690 3957 quae
724 3876 751 3940 si
788 3875 926 3941 effective
956 3875 1135 3940 extitissent
1168 3874 1214 3938 ita
1237 3873 1392 3956 malignae
1415 3875 1448 3937 et
1476 3871 1622 3944 infideles,

268 3960 370 4041 prouti
392 3960 624 4044 spargebantur,
649 3963 777 4047 quisque
800 3965 987 4044 sapientium
1001 3962 1139 4045 judicare
1155 3964 1268 4046 potest,
1292 3979 1352 4026 non
1368 3959 1505 4044 proiecto
1523 3975 1620 4024 coram

267 4046 419 4128 capitulis,
443 4047 688 4124 civitatensibus,
713 4050 857 4116 claustrie
880 4052 912 4115 et
934 4049 1131 4115 monasteriis
1156 4049 1261 4133 palam
1284 4048 1499 4125 edidissemus,
1522 4062 1622 4112 verum

269 4135 421 4198 accuratis
445 4136 477 4199 et
499 4136 625 4200 secretis
649 4137 792 4202 terminis
813 4137 995 4204 seditionem
1018 4137 1205 4214 iovissirnns,
1240 4155 1297 4202 nee
1320 4138 1391 4202 ante
1414 4138 1540 4218 tempus
1563 4151 1622 4217 pro·

269 4222 497 4303 rupuissemus;
521 4223 567 4288 uti
592 4224 685 4288 etiam
716 4245 750 4289 eu
783 4225 839 4290 hoc
870 4227 918 4290 vel
942 4225 1075 4290 maxime
1103 4226 1233 4308 apparet
1263 4242 1419 4307 nunquam
1454 4221 1486 4286 in
1517 4220 1621 4288 animis

269 4310 382 4374 nostris
407 4311 540 4376 similem
564 4311 708 4376 habuisse
743 4331 919 4395 peruersam
955 4312 1171 4390 intentionem,
1204 4332 1275 4378 uam
1307 4313 1414 4390 tantis,
1449 4309 1525 4374 licet
1550 4307 1622 4374 ‘ante

268 4415 377 4462 causae
400 4399 617 4480 cognitionem,
641 4399 775 4484 peractis
807 4402 838 4464 iu
871 4419 925 4465 nos
948 4400 1224 4483 persecutionibus,
1256 4417 1293 4464 ac
1322 4399 1469 4464 bonorum
1492 4396 1621 4464 omnium

269 4485 535 4550 devastationibus
560 4487 608 4551 rel
632 4485 792 4553 minimam
816 4487 946 4553 fecimus
969 4488 1189 4564 resistentiam,
1213 4485 1412 4552 autframeas
1428 4485 1459 4550 iu
1476 4485 1620 4569 propriam

271 4572 504 4653 evaginavimus
527 4575 749 4650 defensionem3
773 4575 987 4658 gloriabantur
1017 4577 1142 4660 quidem
1172 4575 1340 4640 adversarii
1365 4573 1463 4640 nostri
1487 4576 1520 4638 et
1543 4574 1621 4655 plane

272 4675 306 4722 9ο
330 4658 508 4736 tendebant,
534 4681 587 4726 nos
618 4662 658 4726 ad
692 4663 887 4746 desperatum
922 4663 1060 4746 redigere
1095 4664 1221 4740 statum,
1246 4663 1292 4727 uti
1316 4661 1458 4728 dominus
1481 4657 1622 4745 generalis

271 4743 528 4812 Carlostadiensis
553 4749 591 4813 ob
615 4768 700 4815 suam
724 4751 924 4820 immaturam
948 4751 1217 4840 depraedationem
1234 4749 1375 4816 incuriis
1402 4749 1621 4822 nobilitatibus,
1640 4831 1641 4853 Χ
