3306 5252
242 285 307 354 232

245 467 469 534 Germanorum
501 467 532 532 in
556 465 685 533 minimo
715 467 890 550 derogandi,
920 486 1027 532 uerum
1062 489 1098 535 ex
1131 488 1216 534 mera
1249 469 1375 553 politica
1399 471 1431 536 ot
1452 469 1608 552 exigentia
1641 523 1642 528 ,

246 557 347 620 616116
372 559 437 620 tum
462 556 630 632 existentis,
655 556 793 620 attamen
824 555 1001 638 genuflexus
1033 575 1082 622 me
1113 559 1259 640 prouolue
1292 559 1330 622 ad
1354 577 1425 624 suos
1448 575 1607 624 caesareos

244 643 347 726 pedes,
371 661 407 706 ac
430 643 467 707 16
491 645 577 708 tanta
598 643 775 726 arrogantia
798 643 974 708 humillime
998 646 1117 709 veniam
1143 648 1222 727 pato.

350 730 479 794 Perueni
507 729 763 807 Gfatathurnam,
794 730 847 794 ubi
884 749 986 795 cornes
1013 732 1114 797 ‘banus
1148 734 1253 799 habita
1283 733 1369 816 prius
1399 752 1417 798 a
1450 752 1502 798 me
1536 731 1605 796 fidei

250 819 418 882 securitate
452 818 548 882 talem
580 818 611 881 in
641 817 775 883 formam
807 837 893 883 snam
925 817 1040 882 detexit
1072 822 1291 885 intentionem:
1321 820 1366 885 Mi
1390 821 1606 884 amantissime
1641 879 1642 884 ,

251 905 374 970 domine
398 906 511 970 frater!
534 906 650 982 sciatis,
675 905 754 990 quod
774 905 865 970 bassa
889 906 1055 971 Bosnensis
1079 908 1202 973 nomine
1233 911 1279 972 sui
1304 909 1500 991 imperatoris
1525 906 1606 969 trina

250 993 318 1057 uice
342 993 569 1058 instantissime
603 993 786 1075 postulauit,
821 997 856 1056 ut
880 993 1134 1059 Bulaowacnlrium
1169 996 1201 1060 in
1234 1014 1364 1078 persona
1392 1015 1462 1060 cum
1486 995 1607 1058 duobus

251 1080 322 1144 aliis
345 1081 504 1164 condignis
528 1081 602 1145 viris
626 1081 848 1144 intromittam.
880 1081 939 1144 Ille
970 1081 1098 1146 baberet
1126 1083 1243 1166 aliquid
1266 1102 1407 1148 summae
1430 1083 1606 1147 considera·
1641 1147 1642 1152 ,

249 1167 343 1233 116616
366 1168 541 1252 peripsum
566 1168 642 1232 milri
666 1169 848 1243 nunciandir
884 1168 1004 1250 saepius
1027 1170 1057 1232 in
1082 1173 1185 1234 mente
1208 1172 1335 1247 reuolui,
1361 1171 1433 1252 qnid
1458 1171 1518 1233 sirn
1544 1169 1607 1232 fac-

244 1255 342 1333 turus,
366 1256 491 1320 tandem
516 1256 620 1323 curaui
645 1255 682 1319 ad
708 1274 816 1321 uocare
845 1255 1040 1338 capitaneum
1073 1259 1291 1342 Bulorvatalry,
1324 1259 1483 1322 dominnm
1523 1257 1607 1320 Beri-

245 1343 361 1407 nlauicz
384 1346 416 1407 et
447 1343 605 1407 dominum
631 1343 785 1426 Poglediz,
810 1344 885 1423 ipsis
908 1345 1052 1426 proposui
1074 1344 1243 1410 ‘turcarum
1268 1346 1458 1428 petitionem,
1483 1344 1606 1427 etquid

247 1431 320 1495 boni
343 1431 393 1495 uel
411 1430 486 1496 mali
510 1450 545 1494 ex
568 1449 604 1494 ea
627 1431 779 1496 sentirent
800 1430 948 1513 quaesiui,
975 1432 1104 1514 deniqne
1129 1434 1314 1498 unanimiter
1338 1437 1503 1498 suaserunt
1527 1433 1605 1496 hanc

247 1518 427 1583 missionem
451 1537 517 1582 esse
538 1537 658 1582 samma
682 1517 896 1594 necessariam,
920 1521 1008 1583 etse
1032 1519 1112 1601 ipsos
1137 1539 1190 1601 pro
1214 1521 1427 1585 effectuatione
1443 1523 1605 1603 promptos

246 1605 329 1686 ultro
352 1606 571 1682 exbibuerunt3
604 1623 661 1688 ego
696 1606 791 1671 uariis
822 1606 1013 1688 respectibus
1045 1608 1188 1674 inductus
1219 1626 1270 1673 eos
1301 1607 1527 1690 6166111111
1552 1607 1606 1671 hoc

248 1693 438 1776 interogani:
474 1694 506 1756 in
529 1711 620 1776 quem
644 1693 737 1758 finem
761 1697 793 1758 et
815 1695 899 1777 quali
931 1696 1154 1760 instructione?
1188 1695 1301 1776 Resp.:
1339 1695 1470 1760 Domino
1503 1695 1606 1759 Bulo-

246 1779 380 1847 16661616
415 1781 572 1864 assignaui
608 1780 848 1846 credentionales
880 1785 911 1846 et
938 1781 1078 1864 sigillum
1108 1783 1289 1862 concredidi,
1322 1784 1361 1848 ob
1391 1784 1473 1847 hunc
1504 1782 1605 1847 solnm

246 1867 351 1948 finem,
388 1870 424 1932 nt
453 1868 599 1932 maiorem
640 1869 828 1946 praeseferat
858 1871 1084 1949 auctoritatem,
1119 1873 1151 1934 et
1180 1871 1207 1935 si
1232 1872 1355 1935 coactns
1383 1871 1485 1949 tuerit,
1511 1869 1608 1953 possit

246 1955 342 2020 etiam
367 1956 462 2020 talem
486 1955 611 2038 qualem
641 1956 719 2021 inire
750 1958 931 2035 tractatum,
963 1955 1138 2040 specialiter
1166 1977 1238 2024 uero
1270 1978 1306 2023 ea
1328 1958 1472 2022 tinctione
1496 1977 1604 2041 synce-

244 2042 308 2108 rius
331 2044 467 2126 ipsorum
490 2049 610 2108 mentes
626 2043 786 2127 expiscari,
812 2047 847 2108 61
870 2063 1001 2126 quonam
1026 2051 1113 2109 suam
1130 2065 1284 2110 armorum
1300 2047 1413 2110 molem
1430 2047 1607 2110 convertere

245 2129 417 2210 intendant,
442 2149 477 2195 eo
500 2131 620 2196 facilins
643 2133 804 2212 penetrare
828 2133 938 2197 valeat.
962 2133 1203 2198 instructionem
1225 2135 1330 2198 tamen
1355 2133 1527 2215 praecisam
1549 2133 1605 2196 hoc

245 2217 295 2282 vel
317 2217 396 2282 illud
419 2219 574 2282 tractandi
597 2217 715 2282 nullam
739 2218 820 2283 1611.
856 2218 1015 2298 Quomodo
1039 2221 1141 2284 antem
1166 2221 1267 2286 dictus
1289 2221 1492 2304 Bulovatzlry
1517 2239 1551 2284 66
1577 2221 1605 2283 16

243 2306 329 2388 regia
351 2306 520 2370 Turcarum
544 2306 791 2387 comportaverit,
816 2308 848 2371 et
875 2306 949 2389 qnid
979 2310 1099 2388 praeter
1130 2327 1232 2372 meam
1255 2312 1390 2374 mentem
1415 2307 1563 2384 effecerit,
1588 2325 1606 2370 a

244 2393 366 2458 domino
390 2393 557 2478 Pogledich
581 2393 722 2458 dominus
744 2394 841 2458 frater
867 2394 1023 2476 percipere
1047 2394 1207 2478 dignetur;
1233 2415 1324 2479 quern
1347 2397 1499 2474 exaudivi,
1524 2397 1606 2459 eins·

245 2499 303 2562 qne
327 2481 465 2563 exposito
489 2482 649 2563 aequentio
673 2480 732 2545 fnit
754 2481 965 2546 formalitatis.

349 2567 585 2650 Quamprimum
603 2567 805 2653 Bnlrovatzky
827 2569 859 2633 in
881 2569 1112 2634 Thessaloniam
1137 2570 1271 2648 advenit,
1295 2570 1470 2654 ibidemque
1487 2570 1606 2635 infalli·
1641 2599 1642 2602 ¹

246 2655 308 2720 bile
332 2660 438 2721 contra
461 2674 516 2720 nos
541 2655 657 2720 bellum
682 2657 784 2738 parari
807 2656 972 2734 intellexit,
997 2660 1166 2740 assumpsit
1188 2657 1382 2723 occasionem
1407 2660 1607 2722 tractatuset

247 2761 303 2806 sna
327 2743 469 2808 facundia
491 2761 527 2806 ac
551 2744 731 2807 dexteritate
763 2763 883 2809 summe
906 2744 1143 2810 considerabiles
1166 2763 1221 2828 pro
1245 2745 1335 2813 domo
1356 2745 1500 2810 Zriniana
1526 2745 1609 2826 ejus·

249 2848 307 2911 qne
329 2830 535 2895 attinentibus
569 2833 600 2894 et
631 2832 689 2895 toti
719 2831 837 2914 patriae
869 2833 1018 2914 proficuas
1040 2833 1192 2897 stabilivit
1215 2833 1417 2910 conditiones,
1440 2851 1497 2897 nec
1522 2832 1607 2898 aliud

247 2918 342 2994 deest,
368 2937 458 2998 quarn
483 2918 629 2982 audacter
651 2937 699 2983 res
722 2918 931 3002 aggrediatur,
958 2919 995 2983 de
1018 2920 1135 3002 relique
1160 2921 1261 2985 omnia
1285 2923 1359 2985 sunt
1379 2920 1411 2984 in
1435 2922 1606 3002 procinctu.

250 3003 448 3069 Conditicnes
479 3007 551 3069 6661
580 3006 675 3070 istae:
719 3007 825 3070 Primo
856 3008 934 3089 quod
966 3008 1200 3090 potentissimus
1237 3010 1406 3074 furcarum
1438 3010 1608 3090 imperator

246 3109 339 3172 snper
362 3110 468 3156 omnes
493 3093 665 3173 provincias
689 3093 875 3158 chritianos
906 3095 965 3158 sibi
996 3095 1141 3172 devictas,
1171 3113 1208 3159 ac
1232 3095 1262 3159 in
1286 3097 1423 3178 proximo
1448 3095 1531 3160 bello
1556 3095 1607 3158 16-

249 3179 426 3257 116666166,
463 3179 649 3244 6611111616
686 3181 846 3260 bennm,
878 3183 1046 3264 ejusque
1079 3183 1370 3265 posteritatem
1394 3183 1435 3247 in
1460 3183 1608 3264 princi·

246 3285 589 3350 pemsupremum
614 3267 755 3352 eligit,
786 3287 831 3333 ac
858 3272 943 3352 jure
974 3274 1170 3353 perpetuo
1193 3270 1426 3336 denominat
1465 3271 1492 3334 2.
1511 3269 1607 3353 quod

247 3353 479 3419 deficiente
502 3354 640 3438 ipsius
664 3355 796 3434 linea,
827 3374 988 3439 regnum
1022 3355 1226 3422 01661166
1259 3377 1301 3423 ex
1332 3357 1498 3441 proprio
1523 3377 1609 3441 gre-

243 3443 322 3507 mio
340 3460 621 3507 successorem
646 3443 967 3526 eligerevaleat,
990 3448 1239 3509 reservando
1263 3445 1346 3511 sibi
1370 3448 1502 3510 tamen
1521 3464 1609 3510 con·

242 3529 535 3594 firmationem.
561 3530 591 3593 3.
604 3529 800 3614 Religionem
816 3529 955 3610 liberam,
981 3533 1126 3596 exercitia
1148 3532 1336 3610 scholarum,
1361 3533 1497 3614 aliasque
1521 3533 1609 3598 func·

243 3615 344 3680 tiones
369 3616 518 3697 publicas,
542 3617 730 3697 libertatern,
763 3618 833 3700 jura
869 3621 901 3684 et
935 3619 1098 3702 privilegia
1133 3620 1250 3700 patriae
1285 3638 1344 3685 non
1377 3621 1501 3684 tantum
1539 3622 1605 3685 tnta

241 3704 416 3772 concedere.
441 3723 546 3770 verum
570 3705 663 3770 etiam
686 3707 890 3788 imposterum
912 3705 1037 3789 impune
1060 3710 1093 3771 et
1107 3707 1327 3773 inviolabiliter
1342 3725 1521 3773 conservare
1538 3727 1608 3791 pro·

242 3790 338 3855 misit.
363 3786 393 3856 4.
417 3791 466 3856 Ab
489 3793 630 3858 universo
654 3811 747 3876 reguo
771 3789 950 3877 Hungariae
980 3796 1011 3857 et
1039 3792 1190 3874 Oroatiae,
1221 3795 1353 3878 aliisque
1386 3795 1418 3858 in
1441 3795 1499 3859 hoc
1526 3796 1606 3860 bello

239 3879 424 3961 occupandis
448 3879 612 3961 provinciis
635 3881 735 3963 majus
759 3881 922 3958 tributum,
956 3899 1050 3964 quam
1080 3881 1242 3947 duodecim
1267 3882 1368 3948 millia
1392 3883 1605 3964 imperialium

239 3967 270 4031 in
295 3970 475 4049 perpetuum
500 3985 558 4030 uon
582 3967 753 4048 postulabit
766 3986 820 4032 nec
833 3969 945 4050 exiget.
970 3970 1000 4033 a.
1025 3968 1188 4052 Quousque
1213 3989 1292 4035 unus
1309 3990 1344 4035 ex
1362 3969 1422 4036 fide
1438 3969 1605 4036 116111616-

239 4056 313 4118 1666
336 4053 554 4136 superstiterit,
580 4073 736 4136 nunquam
761 4058 886 4137 gentem
908 4059 1047 4121 nostram
1083 4056 1305 4140 derelinquere,
1330 4075 1436 4122 verum
1461 4059 1530 4122 tota
1553 4078 1605 4140 po-

238 4143 337 4206 tentia
359 4145 391 4206 et
415 4141 531 4205 vicibus
566 4143 671 4205 contra
711 4160 865 4224 quemque
898 4143 1108 4226 impetitorem
1148 4147 1225 4210 tueri
1259 4164 1294 4209 ac
1328 4143 1491 4209 defendere
1516 4148 1602 4210 velit.

239 4229 268 4292 6.
292 4231 370 4311 quod
394 4227 488 4294 armis
512 4228 626 4292 nostris
649 4229 686 4293 ad
712 4229 827 4294 bellum
850 4231 1020 4314 gerendum
1053 4231 1084 4296 in
1108 4233 1248 4315 partibus
1272 4233 1401 4296 remotis
1426 4234 1458 4295 et
1480 4232 1604 4317 longin-

239 4315 308 4397 quis
330 4334 487 4399 nunqnam
512 4319 625 4380 utetur.
653 4316 681 4394 1,
706 4335 760 4399 pro
790 4317 962 4384 inviolabili
996 4319 1211 4385 observamins
1234 4320 1373 4384 omnium
1396 4320 1507 4384 barum
1532 4339 1603 4401 666-

239 4401 402 4481 111166616,
426 4407 546 4468 certam
570 4403 723 4486 quoddam
753 4405 950 4488 privilegium
979 4410 1120 4471 vocatum
1153 4406 1314 4473 Aecileriff
1334 4425 1366 4472 sa
1389 4405 1601 4472 infallibiliter

240 4507 466 4568 concessurum,
492 4491 630 4573 illudque
654 4493 855 4575 quantocyus,
887 4491 992 4558 debita
1016 4494 1209 4571 solennitate,
1241 4513 1302 4558 nna
1322 4513 1392 4559 cum
1417 4496 1598 4560 muneribus

240 4579 403 4655 consuetis,
438 4579 580 4663 (qnorum
611 4580 734 4645 nomina
766 4579 906 4662 specifice
930 4599 989 4644 nou
1014 4581 1181 4666 recordor),
1210 4600 1243 4647 se
1268 4583 1437 4647 missurum
1460 4601 1601 4666 compro·

238 4661 335 4748 misit.
359 4663 407 4728 An
430 4684 501 4730 vero
524 4666 627 4732 omnia
648 4668 694 4732 ita
717 4686 749 4732 se
773 4667 917 4746 habeant,
942 4668 1038 4734 666116
1061 4669 1210 4750 6661111,
1234 4670 1332 4736 161616
1349 4670 1599 4736 1661661161616.
