3308 5252
236 361 257 424 2

237 539 381 617 6666661;
406 536 500 618 61666
523 534 754 599 616666116666
778 535 809 596 et
842 531 993 596 salutares
1026 531 1209 596 monitiones
1243 551 1299 596 nec
1327 533 1496 615 quidquam
1523 535 1601 614 apud

237 624 338 704 ipsum
361 623 553 704 proficerent,
578 621 696 705 placuit
726 621 814 684 aulae
846 638 1028 696 caesareae,
1062 623 1096 683 61
1128 619 1225 700 ipsam
1261 620 1385 686 Portam
1420 621 1600 702 requireret,

237 713 391 792 quatenus
416 711 585 793 principem
609 727 750 773 rovocare
774 710 805 770 61
828 710 1022 790 aproposito
1055 708 1210 771 mandatis
1244 711 1276 772 et
1306 709 1399 772 minis
1427 709 1600 794 absterrere

237 798 341 862 vellet.
366 797 477 874 anca,
503 797 554 880 qui
578 799 687 860 multis
720 797 782 858 iam
817 796 1010 876 temporibus
1044 799 1076 858 et
1108 815 1183 876 pene
1217 797 1339 860 saeculo
1362 797 1601 880 'lransylrauiae

237 885 430 968 occupandae
454 886 606 962 inhiabat,
632 885 709 948 hanc
733 902 799 947 esse
824 885 979 964 optimam·
1000 887 1086 946 ratus
1110 885 1300 948 occasionem
1324 884 1507 948 intentionis
1529 903 1601 948 suae

236 973 487 1055 consequendae;
511 972 630 1057 quando
655 971 799 1040 6161611661
822 971 913 1044 6616,
938 990 955 1033 6
979 973 1065 1034 66166
1096 972 1285 1053 66616611666
1310 970 1430 1036 defendi
1454 972 1601 1055 1666661-

235 1061 326 1125 66616
348 1062 496 1126 debuerat
520 1064 552 1125 et
575 1079 653 1143 quae
676 1059 808 1122 Turrem
833 1058 1017 1141 impedierat
1039 1058 1195 1135 16616666,
1221 1079 1258 1122 66
1287 1058 1427 1123 totaliter
1450 1078 1599 1142 occupare

235 1147 493 1232 Transyluaniam
518 1151 631 1231 posset,
668 1149 797 1210 eundem
824 1147 906 1210 ultro
937 1150 1113 1227 provocaret
1136 1147 1347 1211 61166116661.
1381 1148 1479 1211 ’16666
1502 1148 1600 1230 igitur

235 1236 493 1319 Trausylvauiam
514 1237 681 1318 ingressus,
707 1234 827 1316 aliquot
850 1235 973 1315 proeliis
995 1234 1143 1316 principis
1167 1234 1290 1316 eiusque
1321 1236 1399 1298 61666
1423 1233 1600 1318 profligavit

236 1328 268 1389 et
290 1324 405 1388 delevit
427 1342 524 1405 usque
549 1323 587 1386 ad
612 1327 741 1386 mortem
766 1322 920 1398 ciusdem;
945 1341 1003 1404 quo
1027 1321 1189 1404 profligato
1213 1324 1388 1387 universam
1413 1323 1600 1406 166666166-
1635 1395 1636 1408 ,

235 1413 320 1476 niam
345 1411 548 1493 depopulatus
573 1414 629 1489 est,
654 1412 686 1473 ot
708 1410 826 1491 aliquot
847 1412 975 1473 centena
1000 1409 1099 1474 millia
1119 1411 1314 1488 animarum,
1347 1415 1414 1474 tum
1439 1431 1473 1474 ex
1498 1413 1597 1475 Tran-

239 1499 378 1583 syluania
401 1502 468 1562 tum
494 1519 527 1562 er
549 1499 656 1563 vicinis
680 1497 858 1580 Huugariae
873 1498 1020 1578 partibus,
1046 1498 1213 1561 trucidavit
1237 1499 1268 1560 ot
1288 1500 1317 1562 in
1343 1499 1526 1562 servitutem
1544 1499 1599 1562 ab·

236 1587 325 1650 duxit
348 1587 610 1658 crudelissimam:
635 1605 732 1667 neque
756 1605 790 1648 eo
820 1587 983 1650 contentus
1008 1585 1058 1668 (ut
1087 1586 1149 1648 alia
1179 1589 1363 1662 taceantur),
1389 1585 1598 1650 fortissimum

236 1674 475 1738 christianitatis
488 1674 761 1757 propugnaculum,
780 1673 969 1737 Varadinum
988 1673 1117 1737 obsedit.
1143 1673 1269 1737 Poterat
1293 1673 1598 1757 (616616661616661)

235 1761 358 1826 delendi
382 1762 572 1826 Varadinum
598 1764 705 1826 contra
729 1761 853 1839 Turcas,
879 1761 910 1824 id
933 1761 1011 1842 quod
1040 1766 1070 1824 et
1093 1762 1159 1842 ipse
1183 1762 1323 1844 princeps
1351 1763 1524 1825 moniturus
1549 1782 1599 1826 66-

236 1851 398 1914 hementer
422 1851 553 1932 rogabat
576 1853 607 1914 61
631 1849 883 1922 commendabam
908 1849 985 1912 nihil
1009 1848 1090 1913 enim
1107 1849 1191 1913 aliud
1209 1851 1426 1914 commendans
1448 1849 1596 1932 praesidii

236 1937 435 2002 Varadieusis
457 1938 601 2020 Ungarus
625 1957 643 2002 a
667 1936 831 2002 Germanis
855 1937 1041 2019 postulabat,
1068 1938 1126 2000 nisi
1159 1937 1345 2020 quingentos
1371 1937 1598 2020 musquetarios

234 2026 265 2090 in
290 2025 463 2089 subsidium
489 2027 583 2103 661111,
608 2044 684 2108 6666
707 2025 761 2088 1116
793 2024 944 2088 ambabus
978 2025 1058 2088 ulnis
1092 2027 1261 2107 accepisset
1290 2029 1449 2089 eteorum
1482 2026 1599 2089 anxilio

234 2116 318 2178 certo
343 2112 515 2195 (moraliter
538 2111 703 2197 loquendo)
726 2112 843 2176 Turcas
874 2113 912 2176 ab
936 2111 1093 2176 obsidione
1121 2114 1288 2176 reiecisset.
1320 2113 1465 2176 Habebat
1495 2113 1529 2176 in
1552 2112 1598 2178 vi-

233 2200 315 2265 cinia
339 2200 409 2264 aula
433 2202 600 2269 exercitum
624 2219 682 2265 nou
703 2202 970 2278 contemnendum,
994 2200 1234 2264 circiterdecem
1258 2200 1358 2264 millia
1370 2200 1598 2266 Germanorum

233 2288 309 2354 duce
333 2289 455 2352 domino
479 2288 571 2377 Zuza,
604 2289 724 2370 611666
747 2288 890 2352 dominus
923 2288 1003 2351 Ζ666
1035 2292 1162 2370 6666166
1193 2291 1259 2352 6661
1287 2288 1382 2352 etiam
1405 2289 1437 2351 in
1460 2307 1596 2371 persona

234 2375 353 2460 ingredi
378 2375 574 2455 fortalitium,
600 2377 653 2440 sed
677 2376 851 2458 prohibitus
882 2377 939 2452 661,
964 2377 999 2439 61
1029 2395 1126 2457 66666
1157 2375 1295 2439 subsidia
1330 2377 1455 2452 mittat,
1491 2377 1595 2440 minus

234 2467 366 2546 ipsomet
390 2463 592 2547 ingrediatur,
619 2483 653 2528 ac
678 2483 715 2527 ue
739 2464 901 2526 minimam
924 2464 1116 2527 occasionem
1138 2464 1225 2528 daret
1247 2462 1355 2528 ‘lurcis
1378 2467 1597 2546 conquerendi.

235 2553 363 2617 Poterat
386 2551 537 2616 exercitus
559 2553 722 2626 Turcicus,
745 2551 890 2614 adiuncto
920 2551 1076 2632 praedicto
1107 2552 1226 2633 corpori
1250 2551 1470 2634 Hungarorum
1495 2553 1601 2634 proxi·

233 2659 354 2704 morum
379 2640 490 2703 auxilio
513 2639 657 2722 (quorum
682 2638 771 2702 166116
795 2637 971 2719 quindecim
996 2638 1043 2702 rel
1067 2638 1200 2703 sedecim
1228 2639 1327 2702 millia
1351 2639 1598 2724 confluxissent),

233 2729 336 2810 fugari
359 2728 530 2790 autetiam
554 2725 669 2803 deleri;
704 2725 756 2789 sed
783 2745 879 2808 66666
902 2726 977 2789 adeo
1000 2726 1078 2788 nihil
1104 2726 1219 2790 lactum
1252 2729 1316 2806 est,
1351 2729 1386 2791 ut
1418 2729 1599 2793 mitteretur

233 2814 359 2896 insuper
382 2814 421 2876 ab
446 2813 517 2877 aula
541 2815 681 2896 proprius
705 2813 831 2877 nuntius
862 2813 901 2876 ad
932 2813 1128 2890 Alibassam,
1161 2815 1213 2897 qui
1244 2826 1438 2880 assecuraret
1461 2817 1534 2879 illos
1567 2819 1599 2880 61

233 2903 316 2966 omni
341 2902 511 2983 suspitione
533 2902 646 2966 liberos
670 2900 823 2978 redderet,
849 2900 928 2983 quod
953 2901 1023 2964 aula
1046 2902 1167 2965 nullum
1188 2901 1336 2966 auxilium
1362 2903 1404 2966 sit
1428 2903 1598 2967 1166661166-

233 2991 318 3054 61166
341 2987 462 3067 datura,
488 3007 584 3070 nequo
606 2989 753 3053 advorsus
776 2987 907 3052 Turcam
932 2989 1092 3072 quidpiam
1117 2988 1302 3055 hostilitatis
1318 2992 1521 3054 attentatum.
1549 2991 1600 3056 Sic

232 3078 329 3161 igitur
352 3076 461 3140 amissi
485 3073 634 3140 Varadini
658 3079 691 3140 61
715 3077 846 3140 aliorum
870 3077 1091 3140 fortalitiorum
1115 3077 1147 3140 in
1170 3077 1404 3160 Transplvania,
1426 3078 1596 3160 ruinaeque

232 3179 264 3230 er.
286 3164 798 3248 depopulationisTransylvaniae,
823 3182 947 3227 causam
962 3165 1051 3228 aulae
1069 3165 1215 3230 attribuit
1235 3167 1318 3229 natio
1332 3165 1521 3250 Hungarica.
1544 3167 1596 3231 Si-

232 3252 354 3335 quidem
379 3252 460 3317 inter
483 3251 545 3316 alia
568 3251 711 3334 Hungari
734 3251 794 3334 ipsi
816 3251 976 3315 viciniores
1000 3252 1101 3334 parati
1118 3251 1251 3316 fuissent
1266 3272 1444 3318 succurrere
1456 3273 1511 3336 pro
1533 3273 1592 3318 sua

232 3341 384 3404 tenuitate
408 3339 566 3418 fortalitio,
591 3340 650 3403 nisi
670 3340 708 3403 ab
731 3341 803 3403 aula
826 3339 893 3422 ipsa
915 3339 1086 3422 praepediti
1110 3343 1141 3404 et
1164 3341 1243 3405 serio
1263 3360 1298 3406 ac
1320 3360 1425 3407 666666
1457 3341 1588 3405 inhibiti

232 3427 373 3493 fuissent.

338 3513 496 3592 Quomodo
521 3518 624 3581 autem
647 3516 753 3597 postea
776 3515 939 3579 'lurcicum
966 3515 1080 3579 bellum
1101 3515 1133 3578 iu
1156 3515 1320 3599 Hungaria
1345 3513 1502 3596 merserit,
1535 3537 1594 3599 pa·
1635 3519 1636 3526 ’

233 3603 298 3667 lam
323 3607 371 3667 est
394 3603 447 3682 ibi,
472 3606 504 3667 et
522 3603 648 3686 longum
674 3605 753 3667 foret
774 3622 961 3667 enumerare.
987 3601 1077 3668 Certe
1093 3603 1201 3682 Turca,
1226 3605 1346 3687 quando
1370 3605 1519 3670 Neuheisl
1543 3625 1600 3670 seu

235 3691 350 3774 Vyudr,
376 3691 619 3756 munitissimum
648 3694 735 3775 regui
759 3693 790 3756 61
813 3693 907 3756 161166
929 3691 1168 3756 christianitatis
1191 3692 1474 3776 propugnaculum,
1508 3695 1601 3758 obse·

238 3781 345 3857 disset,
370 3783 491 3856 poterat
514 3780 561 3843 illi
584 3781 737 3857 succurri,
772 3779 797 3842 si
826 3779 898 3843 aula
929 3779 1093 3856 voluisset;
1118 3798 1308 3862 qnorum-ex
1324 3784 1371 3844 tot
1402 3782 1434 3844 ct
1466 3782 1600 3846 infinitis

238 3867 519 3936 contributianibus
545 3885 707 3948 regnorum
731 3870 762 3930 61
784 3867 1010 3948 prouinciarum
1034 3887 1093 3933 non
1119 3868 1178 3931 nisi
1206 3887 1257 3931 ser
1280 3868 1381 3932 millia
1405 3887 1475 3933 cum
1507 3869 1601 3933 Mon-

238 3955 387 4020 tecucolio
400 3957 647 4036 comparuerunt,
673 3954 723 4018 bic
745 3954 879 4031 Posonii,
906 3957 1051 4036 quicum
1076 3975 1109 4018 66
1132 3975 1167 4018 ex
1191 3957 1250 4019 ista
1272 3959 1361 4038 parte
1385 3957 1464 4038 Vagi
1488 3975 1601 4038 oppor-

235 4044 321 4107 tunis
346 4045 377 4107 in
402 4042 478 4106 locis
502 4041 714 4118 collocassent,
741 4045 772 4105 et
794 4043 885 4105 fossis
909 4045 1122 4121 munivissent,
1154 4047 1325 4125 66661661
1355 4043 1494 4107 millibus
1518 4045 1599 4108 166-

238 4136 376 4195 tarorum
401 4131 474 4194 sunt
496 4129 595 4193 invasi
620 4135 651 4192 61
673 4129 849 4192 foedissime
884 4131 990 4212 166611,
1024 4129 1151 4194 61166116
1179 4131 1312 4214 6166616,
1337 4132 1514 4196 thoracibus
1536 4132 1601 4198 fer·
1635 4197 1636 4202 ,

236 4217 308 4294 6616,
333 4221 454 4300 partem
477 4235 645 4294 armorum,
666 4215 785 4280 relictis
809 4216 902 4280 eliani
932 4218 1072 4282 curribus
1096 4222 1128 4282 61
1150 4219 1379 4302 impedimentis
1402 4239 1438 4284 66
1461 4224 1603 4285 tormen-

237 4307 340 4369 torum
374 4308 505 4386 partem,
537 4303 683 4384 fugiendo
708 4323 803 4386 usque
837 4305 1000 4368 Posoniunr
1032 4325 1115 4370 66666
1146 4311 1343 4389 6666666661;
1374 4309 1517 4386 6661666
1552 4309 1601 4375 ibi

235 4395 325 4456 tutos
350 4411 383 4454 66
406 4393 617 4456 existimantes
642 4393 672 4454 in
697 4392 826 4455 alteram
851 4397 970 4474 partem
996 4394 1139 4472 Danubii,
1163 4397 1267 4477 pontis
1298 4395 1460 4474 beneficio,
1495 4399 1599 4464 vitam

230 4481 449 4553 salvaverunt;
474 4481 689 4560 cesseruntque
712 4480 814 4543 locum
839 4480 977 4545 'l'artaris
1002 4499 1061 4545 non
1082 4483 1182 4546 solum
1206 4484 1262 4546 has
1286 4487 1390 4566 partes
1414 4484 1598 4567 Hungariae

230 4585 336 4631 verum
361 4567 456 4630 etiarn
468 4568 629 4630 Austriam
653 4569 753 4650 ipsam
770 4570 802 4631 61
821 4569 993 4634 hlorauianr
1008 4571 1147 4634 vastandi
1160 4574 1191 4635 et
1204 4573 1368 4654 populandi
1392 4573 1430 4636 ad
1446 4573 1596 4650 libitum;
1635 4575 1636 4604 ³

225 4673 281 4720 nac
304 4657 381 4731 erat,
406 4653 458 4736 qui
481 4655 562 4736 ipsos
585 4659 705 4719 arceret
729 4659 782 4720 aut
805 4676 871 4721 6666
895 4661 1070 4739 666666661.
1109 4659 1145 4721 16
1176 4677 1236 4742 666
1268 4661 1442 4725 excursione
1474 4661 1589 4725 itidem
1635 4707 1636 4712 1

224 4742 315 4808 facile
339 4745 463 4806 centum
487 4741 587 4806 millia
610 4742 828 4827 Hungarorum
852 4746 883 4809 et
902 4745 1110 4810 adiacentium
1137 4747 1290 4828 partium,
1321 4747 1502 4830 praesertim
1527 4767 1587 4814 cu·
1635 4799 1636 4804 η
