3296 5276
209 359 274 442 566

211 551 362 623 derebus
385 553 418 623 et
437 523 594 625 mercibus
615 574 651 624 00
674 555 803 626 officinis
825 555 923 643 pelles
945 559 977 624 et
1000 558 1062 624 alia
1077 577 1131 641 pro
1154 557 1292 626 scudetis
1309 557 1396 625 1000
1410 554 1572 624 contineu-

210 649 259 712 tes
281 644 449 712 rhenenses
472 645 569 722 2000,
593 646 747 714 clavorum
762 649 887 714 vascula
909 647 1000 732 plena
1023 647 1097 724 300,
1107 647 1248 798 ¹jquodvis
1264 647 1421 714 vasculum
1444 647 1570 711 constat

211 735 243 800 et
265 733 408 801 venditur
420 734 542 800 01000οι0
558 734 759 801 rbeueusibus
785 736 880 802 1100
906 737 955 814 12,
979 738 1121 802 0000000
1144 737 1229 802 valor
1244 727 1348 802 clavor
1367 734 1481 800 faceret
1496 733 1569 798 rhe-

210 840 321 888 000000
344 821 441 901 3660,
466 824 541 888 item
564 821 637 888 ferri
660 823 773 889 diversi
795 824 916 906 generis
939 823 1088 890 librarum
1102 825 1281 909 octuaginta
1304 823 1412 900 millia,
1436 820 1566 905 quodvis

213 909 299 977 mille
323 907 418 976 librar
441 911 602 976 coustituit
631 911 697 978 0100.
722 913 775 990 46,
799 915 865 977 0000
888 931 961 996 ergo
985 915 1128 978 sumaet
1148 913 1234 979 valor
1256 913 1455 978 constitueret
1441 909 1569 975 000000-

77 1031 81 1040 ·
211 1017 265 1064 nos
286 999 382 1082 hung.
408 997 504 1076 3360,
527 999 714 1066 itomlarida
734 1000 788 1078 30,
811 1001 888 1065 00000
905 1019 1012 1085 oryzae
1036 1019 1089 1082 pro
1105 999 1244 1067 scudetis
1272 1001 1319 1078 16,
1335 999 1411 1064 lacit
1398 997 1567 1062 t-rhcueu

211 1086 336 1166 00030,
368 1087 443 1152 item
468 1049 612 1170 vdlapro
645 1088 764 1154 duabus
790 1089 918 1154 navibus
951 1089 1085 1155 tartarce
1108 1089 1200 1153 dictis
1223 1091 1328 1171 empta
1356 1104 1411 1171 pro
1440 1083 1567 1150 floronis

210 1176 306 1258 hung.
330 1174 404 1254 600,
426 1175 501 1240 itam
526 1176 648 1242 navalia
670 1181 825 1242 tormenta
848 1195 941 1260 parua
965 1196 1070 1260 perere
1092 1177 1176 1242 ducta
1199 1176 1228 1252 6
1264 1176 1392 1260 quodvis
1414 1174 1477 1239 tale
1501 1176 1569 1238 tor-

211 1265 349 1330 montum
373 1266 496 1329 constat
517 1262 682 1330 rhenenses
705 1264 757 1342 20,
781 1283 904 1330 summa
928 1267 960 1330 et
983 1265 1067 1330 valor
1091 1268 1174 1330 00000
1197 1227 1360 1330 0100000000
1386 1263 1464 1356 120·
1488 1262 1567 1328 item

211 1354 332 1417 minora
354 1371 447 1418 aenea
472 1353 628 1418 tormenta
651 1354 681 1432 2
705 1352 802 1424 tritici
826 1355 988 1418 metrettae
1011 1353 1096 1418 illius
1120 1353 1179 1418 loci
1204 1352 1277 1418 120
1308 1353 1396 1418 Lecti
1417 1312 1509 1416 ferrei
1529 1369 1568 1415 00

212 1459 281 1506 0000
304 1439 583 1524 Κο000000000
609 1439 657 1514 06,
681 1442 808 1525 quisque
832 1441 929 1508 lectus
953 1443 1074 1507 constat
1096 1441 1259 1506 chevenses
1282 1441 1333 1508 60.
1358 1439 1481 1504 Domini
1516 1457 1567 1504 re-

211 1527 425 1610 verendissimi
461 1528 529 1593 Mat
530 1529 599 1594 hiae
632 1529 762 1608 Turius,
801 1529 1014 1613 gubernatoris
1053 1530 1201 1594 bonorum
1226 1547 1298 1594 suae
1330 1528 1565 1594 sacratissimae

210 1615 384 1682 0000000000
416 1617 644 1682 maritimorum
677 1618 708 1682 00
730 1619 838 1702 portus
861 1618 1003 1696 Buccari,
1028 1637 1129 1702 equos,
1152 1619 1243 1683 boves
1266 1617 1304 1695 4,
1334 1616 1397 1682 alia
1420 1615 1567 1680 animalia

211 1703 261 1783 22,
285 1706 445 1788 praeterea
468 1705 576 1770 bovem
600 1725 705 1781 unum,
731 1723 838 1770 vacam
859 1725 963 1784 unam,
988 1724 1082 1789 agnos
1105 1725 1166 1784 sex,
1190 1706 1299 1770 deinde
1329 1705 1411 1770 00000
1435 1721 1489 1786 pro
1511 1703 1567 1768 llo-

210 1793 292 1858 00000
310 1789 409 1876 buug
433 1792 464 1858 6
488 1793 550 1858 Res
570 1793 645 1858 00000
662 1794 740 1858 01000
756 1756 1019 1878 oppidanorumet
1006 1754 1243 1860 tcolonoium
1235 1812 1268 1860 ru
1291 1793 1413 1860 officina
1436 1791 1567 1892 aliisque

209 1879 476 1946 conservatoriis
468 1900 505 1945 m·
524 1883 612 1964 portu
630 1881 817 1966 depositas
810 1904 840 1948 00
864 1882 967 1949 valore
979 1883 1120 1948 scudator
1143 1881 1239 1962 4000,
1264 1881 1327 1954 vini
1348 1900 1403 1966 pro
1428 1879 1546 1945 scudat'
1525 1883 1565 1945 trs

210 1969 297 2035 2000
319 1971 541 2034 constituentes
565 1969 729 2036 000000000
752 1970 848 2037 4000.

161 2114 165 2121 .
314 2058 476 2122 Postremo
509 2058 677 2142 Zagrabiae
702 2058 949 2125 illustrissimum
973 2060 1129 2124 dominum
1152 2059 1297 2124 comitem
1320 2057 1488 2124 Nicolaum
1510 2055 1565 2120 Er-

208 2145 296 2228 dbdy,
320 2145 415 2211 officii
438 2146 560 2210 bacalis
584 2147 795 2212 locumteneut
781 2153 844 2212 0000
868 2147 1047 2224 0000000010,
1073 2147 1300 2232 requisivimus,
1323 2149 1478 2230 quatenus
1500 2161 1565 2210 ma·

209 2232 300 2297 nibus
322 2233 446 2311 nostris,
471 2237 617 2318 tanquam
641 2234 808 2312 fiscalibus,
832 2236 933 2320 primo
954 2235 1078 2320 quidem
1095 2239 1179 2301 certa
1197 2235 1276 2300 bona
1298 2237 1329 2299 00
1350 2234 1421 2318 jura
1445 2251 1566 2316 posses·

209 2321 344 2388 sionaria
366 2320 539 2406 0000000
571 2320 776 2389 00010000
800 2324 978 2390 incivitate
1003 2325 1191 2407 zagrabieusi
1210 2324 1373 2388 0000000000
1396 2323 1429 2387 00
1449 2321 1565 2398 babitu,

209 2427 263 2492 per
285 2428 329 2487 se,
364 2408 449 2476 velut
472 2410 636 2476 eorundem
660 2412 808 2478 bonorum
832 2412 1079 2496 proprietarium,
1114 2411 1305 2495 apprehensa
1338 2410 1563 2484 0000000000ος

210 2498 320 2564 deindo
342 2499 501 2564 universas
516 2501 546 2564 00
570 2499 725 2582 quaslibet
747 2519 796 2565 000
810 2501 938 2567 mobiles
962 2503 1026 2564 tam
1049 2501 1219 2566 comitis
1245 2500 1360 2564 Petri
1383 2517 1402 2563 a
1424 2497 1565 2563 Zrinio

208 2604 245 2650 ex
268 2587 358 2652 domo
374 2587 617 2670 zagrnbiensis
640 2589 724 2653 curia
747 2588 1009 2666 Sestiucusi,
1034 2607 1089 2653 uec
1113 2607 1171 2654 non
1195 2587 1351 2654 officinam
1376 2589 1494 2652 certam
1508 2587 1564 2650 sub
1635 2587 1636 2592 ’

208 2672 476 2740 administratione
511 2675 639 2740 Joannis
682 2675 787 2742 Ouuliu
820 2677 982 2754 habram
1016 2675 1140 2741 demum
1175 2677 1394 2742 lruucisci
1438 2674 1564 2740 Bnluo-

209 2761 369 2846 00000100
399 2763 579 2845 apatribus
612 2763 769 2848 capuciuis
791 2766 913 2850 cagrab.
938 2767 1030 2830 cistas
1054 2767 1120 2829 tam
1155 2765 1291 2847 pecuniis
1313 2782 1405 2847 quam
1435 2763 1563 2828 diversis

209 2849 300 2914 rebus
324 2850 645 2934 mobilibusrepletas,
670 2871 724 2918 nec
741 2872 799 2918 uon
823 2853 950 2919 mobilia
969 2851 1107 2956 ejusdem
1131 2850 1563 2918 000100000000000-

208 2938 268 3022 gii
300 2938 583 3016 Malleuiohii,
618 2960 672 3023 per
705 2959 738 3006 00
763 2941 812 3007 001
838 2942 979 3008 homiues
1002 2947 1073 3005 suos
1098 2945 1254 3024 usurpata,
1278 2942 1354 3006 00000
1343 2941 1468 3028 00000000.
1514 2939 1561 3003 Ad

209 3045 303 3110 quam
327 3029 464 3092 nostram
488 3029 718 3130 requisitionem
752 3027 833 3096 bona
863 3031 988 3114 quidem
1010 3029 1086 3093 dicti
1109 3029 1229 3112 Gaspar
1252 3027 1396 3095 Obolnics
1426 3047 1459 3093 se
1482 3027 1563 3092 ultra

209 3115 248 3178 ad
270 3133 381 3181 manus
404 3117 537 3194 nostras,
558 3117 655 3182 veluti
691 3117 821 3196 fiscales,
844 3119 1004 3183 remittere
1027 3116 1231 3194 declarasset,
1262 3117 1560 3182 adminIstratiouem

209 3204 314 3268 tamen
337 3221 442 3268 eorum
456 3204 522 3270 sine
534 3205 616 3269 omni
635 3205 701 3270 fisci
718 3207 795 3288 regii
812 3205 1040 3288 praejudicioet
1026 3203 1108 3269 ttde
1096 3206 1249 3284 trimento,
1273 3210 1363 3288 prou
1363 3225 1374 3269 0
1397 3207 1488 3269 atres
1501 3217 1562 3267 000-

210 3289 299 3368 biles,
323 3311 450 3374 quarum
466 3293 607 3376 exiguum
620 3294 826 3376 quantitatem
839 3294 969 3371 dicebat,
991 3295 1028 3357 ad
1054 3293 1234 3358 ulteriorem
1246 3313 1342 3376 usque
1365 3310 1440 3357 suae
1464 3310 1562 3355 sacra-

209 3379 347 3445 tissimae
359 3381 479 3446 maiust.
492 3381 641 3458 ordinem,
660 3400 730 3445 cum
744 3399 780 3445 aa
791 3398 845 3464 pro
857 3400 889 3446 se
902 3381 1111 3446 solicitaturus
1124 3381 1175 3458 sit,
1191 3383 1382 3446 retenturum
1398 3379 1559 3462 respoudit.

313 3467 397 3534 Haec
421 3472 469 3534 000
491 3469 584 3533 series
616 3469 842 3534 confiscationis
872 3471 1006 3534 breviter
1038 3470 1198 3534 concinata
1222 3471 1253 3534 et
1285 3469 1427 3545 ulterius,
1461 3469 1561 3532 sine·

208 3575 329 3622 cessum
353 3555 457 3635 luerit,
492 3557 618 3622 oruliter
638 3555 861 3642 declaranda.*)
892 3559 1004 3624 Petrus
1026 3557 1219 3642 Prasineulry,
1241 3577 1282 3622 m.
1306 3575 1336 3642 p.
1382 3555 1560 3622 Franciscus

210 3644 372 3729 Spolaricb
395 3664 437 3709 m.
450 3665 479 3726 p.
503 3645 537 3709 L.
552 3645 584 3711 S.

317 3735 365 3798 Na
386 3736 491 3795 brbtc:
523 3732 715 3816 conscriptio
748 3734 893 3799 bonorum
927 3735 1077 3802 comitum
1111 3736 1196 3800 Petri
1219 3733 1324 3819 Zriuyi
1351 3735 1385 3800 et
1408 3731 1560 3798 Francisci

208 3821 385 3906 Tersatulry,
411 3840 467 3886 nec
491 3841 549 3886 uon
573 3822 729 3887 Francisci
753 3822 934 3908 Butovazlry
957 3821 1142 3889 stallorum
1166 3825 1247 3889 intro
1268 3823 1485 3888 denotatornm
1507 3839 1559 3884 no-

208 3909 367 3986 coriorum,
395 3927 473 3974 anuo
498 3909 737 3993 1610000000.

319 4003 345 4063 U
367 3999 568 4078 cemcljelcom
591 3997 727 4060 oedcc'ou:
755 3998 921 4062 110600.οι
944 4020 1025 4062 cona.
1042 3997 1128 4082 saec.
1153 3999 1232 4064 142.
1258 4020 1306 4059 nr.
1329 3999 1362 4062 8.
1395 3999 1518 4079 Prr'cpie
1538 4019 1557 4058 u

206 4086 364 4166 knjr's'nr'ct'
380 4083 625 4169 jupoelavenelcc
648 4085 828 4168 akndcmc'je
844 4089 994 4151 anapesti
1015 4089 1029 4150 a·
1051 4088 1242 4168 uvrrjetnoati.
1266 4085 1325 4153 Br.
1350 4083 1508 4151 CCXXX.

250 4279 282 4368 *)
296 4279 414 4348 0100000
438 4281 572 4366 00000000
596 4288 682 4348 tuobe
713 4303 745 4350 00
768 4284 890 4350 dodaci:
925 4281 1147 4369 „specificatio
1180 4285 1318 4348 omnium
1343 4280 1556 4365 Cbnktcrupne

293 4373 529 4434 irrucrrtntccum
554 4381 582 4434 et
603 4393 711 4454 proc.
737 4381 813 4437 0..“0
838 4373 1002 4436 0000001010
1024 4383 1259 4436 0000000000000
1281 4369 1446 4434 mobilium
1469 4389 1553 4454 quoe
1629 4401 1630 4439 ,

293 4459 367 4520 dam
393 4461 519 4521 comi'trs
544 4457 911 4544 02000000100000000
936 4461 986 4524 die
1009 4464 1056 4522 30
1071 4464 1186 4524 0000000
1200 4459 1346 4524 Octobris
1366 4459 1470 4532 1671,
1493 4459 1554 4520 iem

292 4547 486 4630 specificatio
516 4569 621 4611 rerum
634 4551 909 4631 praestantiorum
932 4548 1180 4624 er'rr',rcnarnm
1207 4547 1556 4633 Terencblcyoncrunret

296 4634 650 4721 Buleooncdlrynnarum
689 4657 748 4718 pro
781 4659 821 4701 aa.
846 4661 869 4702 c.
893 4639 1056 4700 uruieetutc
1087 4649 1333 4714 raseruntarrnn,
1365 4639 1438 4700 itum
1468 4631 1555 4696 00000-
1628 4655 1629 4680 u

297 4720 374 4782 liuor
390 4743 494 4785 rernm
511 4746 570 4806 per
588 4723 639 4788 dd.
657 4723 899 4788 00000000000000
915 4729 1171 4806 continuatarum,
1193 4749 1232 4789 ac
1254 4724 1298 4789 ud
1320 4748 1388 4791 000.
1414 4741 1555 4788 scurrarum

297 4808 505 4889 bunparr'cnur
529 4810 761 4893 expeditarum.

314 4899 1242 4980 Arkivaejugoelevanelrupoviestknj.1.,etr.167-6'1.
