<?xml version="1.0" encoding="UTF-8"?>
<!DOCTYPE html PUBLIC "-//W3C//DTD XHTML 1.0 Transitional//EN"
    "http://www.w3.org/TR/xhtml1/DTD/xhtml1-transitional.dtd">
<html xmlns="http://www.w3.org/1999/xhtml" xml:lang="en" lang="en">
 <head>
  <title>
</title>
<meta http-equiv="Content-Type" content="text/html;charset=utf-8" />
  <meta name='ocr-system' content='tesseract 3.04.00' />
  <meta name='ocr-capabilities' content='ocr_page ocr_carea ocr_par ocr_line ocrx_word'/>
</head>
<body>
  <div class='ocr_page' id='page_1' title='image "./actaconiuration01umjegoog_0499.png"; bbox 0 0 3246 5266; ppageno 0'>
   <div class='ocr_carea' id='block_1_1' title="bbox 221 375 354 461">
    <p class='ocr_par' dir='ltr' id='par_1_1' title="bbox 221 375 354 461">
     <span class='ocr_line' id='line_1_1' title="bbox 221 375 354 461; baseline 0.008 -1"><span class='ocrx_word' id='word_1_1' title='bbox 221 395 286 461; x_wconf 79' lang='lat' dir='ltr'><strong>cna</strong></span> <span class='ocrx_word' id='word_1_2' title='bbox 348 375 354 390; x_wconf 82' lang='grc'><strong>“</strong></span> 
     </span>
    </p>
   </div>
   <div class='ocr_carea' id='block_1_2' title="bbox 219 569 1613 4888">
    <p class='ocr_par' dir='ltr' id='par_1_2' title="bbox 219 569 1565 901">
     <span class='ocr_line' id='line_1_2' title="bbox 222 569 1563 655; baseline -0.001 -19"><span class='ocrx_word' id='word_1_3' title='bbox 222 569 391 636; x_wconf 83' lang='lat' dir='ltr'><strong>Verstandt</strong></span> <span class='ocrx_word' id='word_1_4' title='bbox 424 571 485 635; x_wconf 91' lang='lat' dir='ltr'><strong>und</strong></span> <span class='ocrx_word' id='word_1_5' title='bbox 508 569 754 655; x_wconf 82' lang='lat' dir='ltr'><strong>Gorrsspondenc</strong></span> <span class='ocrx_word' id='word_1_6' title='bbox 787 573 902 638; x_wconf 84' lang='lat' dir='ltr'><strong>souohl</strong></span> <span class='ocrx_word' id='word_1_7' title='bbox 925 569 1099 638; x_wconf 82' lang='lat' dir='ltr'><strong>schriitiich</strong></span> <span class='ocrx_word' id='word_1_8' title='bbox 1134 569 1179 636; x_wconf 85' lang='lat' dir='ltr'><strong>ala</strong></span> <span class='ocrx_word' id='word_1_9' title='bbox 1215 570 1373 636; x_wconf 82' lang='lat' dir='ltr'><strong>mundlich</strong></span> <span class='ocrx_word' id='word_1_10' title='bbox 1409 569 1468 636; x_wconf 85' lang='lat' dir='ltr'><strong>mit</strong></span> <span class='ocrx_word' id='word_1_11' title='bbox 1499 569 1563 635; x_wconf 85' lang='lat' dir='ltr'><strong>dena</strong></span> 
     </span>
     <span class='ocr_line' id='line_1_3' title="bbox 222 658 1565 743; baseline -0.002 -17"><span class='ocrx_word' id='word_1_12' title='bbox 222 659 445 726; x_wconf 82' lang='lat' dir='ltr'><strong>Grossturckeu</strong></span> <span class='ocrx_word' id='word_1_13' title='bbox 466 659 666 743; x_wconf 72' lang='lat' dir='ltr'><strong>eingetasseu</strong></span> <span class='ocrx_word' id='word_1_14' title='bbox 691 662 722 724; x_wconf 88' lang='lat' dir='ltr'><strong>et</strong></span> <span class='ocrx_word' id='word_1_15' title='bbox 744 679 815 725; x_wconf 90' lang='lat' dir='ltr'><strong>com</strong></span> <span class='ocrx_word' id='word_1_16' title='bbox 840 681 897 726; x_wconf 93' lang='lat' dir='ltr'><strong>non</strong></span> <span class='ocrx_word' id='word_1_17' title='bbox 921 660 963 725; x_wconf 89' lang='lat' dir='ltr'><strong>sit</strong></span> <span class='ocrx_word' id='word_1_18' title='bbox 987 661 1082 724; x_wconf 88' lang='lat' dir='ltr'><strong>maior</strong></span> <span class='ocrx_word' id='word_1_19' title='bbox 1105 660 1244 740; x_wconf 86' lang='lat' dir='ltr'><strong>probatio</strong></span> <span class='ocrx_word' id='word_1_20' title='bbox 1268 678 1361 742; x_wconf 89' lang='lat' dir='ltr'><strong>quam</strong></span> <span class='ocrx_word' id='word_1_21' title='bbox 1386 658 1497 742; x_wconf 90' lang='lat' dir='ltr'><strong>proprii</strong></span> <span class='ocrx_word' id='word_1_22' title='bbox 1510 661 1565 724; x_wconf 91' lang='lat' dir='ltr'><strong>oris</strong></span> 
     </span>
     <span class='ocr_line' id='line_1_4' title="bbox 220 747 1565 832; baseline -0.001 -20"><span class='ocrx_word' id='word_1_23' title='bbox 220 747 369 814; x_wconf 84' lang='lat' dir='ltr'><strong>consessio</strong></span> <span class='ocrx_word' id='word_1_24' title='bbox 393 747 460 830; x_wconf 87' lang='lat' dir='ltr'><strong>(per</strong></span> <span class='ocrx_word' id='word_1_25' title='bbox 482 749 557 814; x_wconf 87' lang='lat' dir='ltr'><strong>text.</strong></span> <span class='ocrx_word' id='word_1_26' title='bbox 580 747 611 812; x_wconf 92' lang='lat' dir='ltr'><strong>iu</strong></span> <span class='ocrx_word' id='word_1_27' title='bbox 638 747 659 812; x_wconf 93' lang='lat' dir='ltr'><strong>l.</strong></span> <span class='ocrx_word' id='word_1_28' title='bbox 683 766 754 812; x_wconf 90' lang='lat' dir='ltr'><strong>cunr</strong></span> <span class='ocrx_word' id='word_1_29' title='bbox 777 749 806 812; x_wconf 88' lang='lat'><strong>9.</strong></span> <span class='ocrx_word' id='word_1_30' title='bbox 830 747 863 814; x_wconf 83' lang='lat' dir='ltr'><strong>O.</strong></span> <span class='ocrx_word' id='word_1_31' title='bbox 888 747 924 812; x_wconf 85' lang='lat' dir='ltr'><strong>de</strong></span> <span class='ocrx_word' id='word_1_32' title='bbox 948 748 1165 832; x_wconf 73' lang='lat' dir='ltr'><strong>protestata),</strong></span> <span class='ocrx_word' id='word_1_33' title='bbox 1189 747 1268 812; x_wconf 86' lang='lat' dir='ltr'><strong>habe</strong></span> <span class='ocrx_word' id='word_1_34' title='bbox 1287 747 1354 812; x_wconf 87' lang='lat' dir='ltr'><strong>also</strong></span> <span class='ocrx_word' id='word_1_35' title='bbox 1378 747 1432 811; x_wconf 88' lang='lat' dir='ltr'><strong>der</strong></span> <span class='ocrx_word' id='word_1_36' title='bbox 1447 747 1565 812; x_wconf 78' lang='lat' dir='ltr'><strong>Richter</strong></span> 
     </span>
     <span class='ocr_line' id='line_1_5' title="bbox 219 835 852 901; baseline 0 -1"><span class='ocrx_word' id='word_1_37' title='bbox 219 841 344 901; x_wconf 86' lang='lat' dir='ltr'><strong>andsrst</strong></span> <span class='ocrx_word' id='word_1_38' title='bbox 367 835 469 900; x_wconf 88' lang='lat' dir='ltr'><strong>nichts</strong></span> <span class='ocrx_word' id='word_1_39' title='bbox 492 835 539 899; x_wconf 89' lang='lat' dir='ltr'><strong>als</strong></span> <span class='ocrx_word' id='word_1_40' title='bbox 562 855 598 900; x_wconf 84' lang='lat' dir='ltr'><strong>au</strong></span> <span class='ocrx_word' id='word_1_41' title='bbox 622 835 852 901; x_wconf 89' lang='lat' dir='ltr'><strong>condemniren.</strong></span> 
     </span>
    </p>

    <p class='ocr_par' dir='ltr' id='par_1_3' title="bbox 219 923 1568 1884">
     <span class='ocr_line' id='line_1_6' title="bbox 326 923 1567 1006; baseline -0.002 -17"><span class='ocrx_word' id='word_1_42' title='bbox 326 924 432 989; x_wconf 90' lang='lat' dir='ltr'><strong>Disem</strong></span> <span class='ocrx_word' id='word_1_43' title='bbox 455 943 516 987; x_wconf 91' lang='lat' dir='ltr'><strong>nun</strong></span> <span class='ocrx_word' id='word_1_44' title='bbox 541 924 794 989; x_wconf 85' lang='lat' dir='ltr'><strong>vermaintiichcn</strong></span> <span class='ocrx_word' id='word_1_45' title='bbox 817 923 971 989; x_wconf 83' lang='lat' dir='ltr'><strong>Einwurff</strong></span> <span class='ocrx_word' id='word_1_46' title='bbox 986 926 1095 989; x_wconf 88' lang='lat' dir='ltr'><strong>etwass</strong></span> <span class='ocrx_word' id='word_1_47' title='bbox 1118 929 1287 1006; x_wconf 84' lang='lat' dir='ltr'><strong>antegegsn</strong></span> <span class='ocrx_word' id='word_1_48' title='bbox 1310 942 1348 986; x_wconf 82' lang='lat' dir='ltr'><strong>zu</strong></span> <span class='ocrx_word' id='word_1_49' title='bbox 1371 925 1483 1000; x_wconf 73' lang='lat' dir='ltr'><strong>semen,</strong></span> <span class='ocrx_word' id='word_1_50' title='bbox 1506 923 1567 987; x_wconf 87' lang='lat' dir='ltr'><strong>ant·</strong></span> 
     </span>
     <span class='ocr_line' id='line_1_7' title="bbox 220 1010 1566 1093; baseline -0.001 -17"><span class='ocrx_word' id='word_1_51' title='bbox 220 1016 313 1077; x_wconf 85' lang='lat' dir='ltr'><strong>worte</strong></span> <span class='ocrx_word' id='word_1_52' title='bbox 346 1010 482 1091; x_wconf 81' lang='lat' dir='ltr'><strong>hierauf;</strong></span> <span class='ocrx_word' id='word_1_53' title='bbox 514 1011 568 1076; x_wconf 88' lang='lat' dir='ltr'><strong>das</strong></span> <span class='ocrx_word' id='word_1_54' title='bbox 598 1013 664 1077; x_wconf 89' lang='lat' dir='ltr'><strong>dise</strong></span> <span class='ocrx_word' id='word_1_55' title='bbox 695 1031 751 1077; x_wconf 86' lang='lat' dir='ltr'><strong>von</strong></span> <span class='ocrx_word' id='word_1_56' title='bbox 785 1015 845 1077; x_wconf 92' lang='lat' dir='ltr'><strong>mir</strong></span> <span class='ocrx_word' id='word_1_57' title='bbox 875 1031 914 1077; x_wconf 87' lang='lat' dir='ltr'><strong>cn</strong></span> <span class='ocrx_word' id='word_1_58' title='bbox 945 1012 993 1076; x_wconf 92' lang='lat' dir='ltr'><strong>dia</strong></span> <span class='ocrx_word' id='word_1_59' title='bbox 1025 1012 1250 1078; x_wconf 88' lang='lat' dir='ltr'><strong>ottomanische</strong></span> <span class='ocrx_word' id='word_1_60' title='bbox 1282 1011 1409 1075; x_wconf 86' lang='lat' dir='ltr'><strong>Portton</strong></span> <span class='ocrx_word' id='word_1_61' title='bbox 1442 1011 1566 1093; x_wconf 79' lang='lat' dir='ltr'>gothano</span> 
     </span>
     <span class='ocr_line' id='line_1_8' title="bbox 219 1089 1568 1183; baseline -0.003 -16"><span class='ocrx_word' id='word_1_62' title='bbox 219 1089 475 1182; x_wconf 84' lang='lat' dir='ltr'><strong>Uberschichnug</strong></span> <span class='ocrx_word' id='word_1_63' title='bbox 492 1099 547 1163; x_wconf 88' lang='lat' dir='ltr'><strong>dar</strong></span> <span class='ocrx_word' id='word_1_64' title='bbox 569 1101 727 1165; x_wconf 84' lang='lat' dir='ltr'><strong>schraihen</strong></span> <span class='ocrx_word' id='word_1_65' title='bbox 750 1101 810 1166; x_wconf 91' lang='lat' dir='ltr'><strong>und</strong></span> <span class='ocrx_word' id='word_1_66' title='bbox 834 1103 960 1166; x_wconf 84' lang='lat' dir='ltr'><strong>‹tarauss</strong></span> <span class='ocrx_word' id='word_1_67' title='bbox 973 1097 1406 1183; x_wconf 79' lang='lat' dir='ltr'><strong>eriolgsndeOorrespondcnn</strong></span> <span class='ocrx_word' id='word_1_68' title='bbox 1431 1101 1568 1163; x_wconf 82' lang='lat' dir='ltr'><strong>nitmotu</strong></span> 
     </span>
     <span class='ocr_line' id='line_1_9' title="bbox 220 1187 1568 1273; baseline -0.003 -19"><span class='ocrx_word' id='word_1_69' title='bbox 220 1191 353 1273; x_wconf 79' lang='lat' dir='ltr'><strong>proprio,</strong></span> <span class='ocrx_word' id='word_1_70' title='bbox 377 1189 505 1252; x_wconf 87' lang='lat' dir='ltr'><strong>sondern</strong></span> <span class='ocrx_word' id='word_1_71' title='bbox 529 1207 582 1252; x_wconf 90' lang='lat' dir='ltr'><strong>aus</strong></span> <span class='ocrx_word' id='word_1_72' title='bbox 607 1187 791 1254; x_wconf 84' lang='lat' dir='ltr'><strong>heielhlhru</strong></span> <span class='ocrx_word' id='word_1_73' title='bbox 816 1189 925 1254; x_wconf 87' lang='lat' dir='ltr'><strong>hdchst</strong></span> <span class='ocrx_word' id='word_1_74' title='bbox 947 1195 1055 1253; x_wconf 87' lang='lat' dir='ltr'><strong>ornent</strong></span> <span class='ocrx_word' id='word_1_75' title='bbox 1079 1190 1158 1273; x_wconf 80' lang='lat' dir='ltr'><strong>Kap.</strong></span> <span class='ocrx_word' id='word_1_76' title='bbox 1172 1191 1254 1272; x_wconf 80' lang='lat' dir='ltr'><strong>May.</strong></span> <span class='ocrx_word' id='word_1_77' title='bbox 1271 1187 1568 1270; x_wconf 82' lang='lat' dir='ltr'><strong>undVoranlassuog</strong></span> 
     </span>
     <span class='ocr_line' id='line_1_10' title="bbox 221 1275 1566 1359; baseline -0.003 -17"><span class='ocrx_word' id='word_1_78' title='bbox 221 1277 323 1343; x_wconf 79' lang='lat' dir='ltr'><strong>Heron</strong></span> <span class='ocrx_word' id='word_1_79' title='bbox 347 1275 459 1342; x_wconf 87' lang='lat' dir='ltr'><strong>Grafen</strong></span> <span class='ocrx_word' id='word_1_80' title='bbox 494 1294 551 1340; x_wconf 88' lang='lat' dir='ltr'><strong>von</strong></span> <span class='ocrx_word' id='word_1_81' title='bbox 575 1275 688 1341; x_wconf 88' lang='lat' dir='ltr'><strong>Rothal</strong></span> <span class='ocrx_word' id='word_1_82' title='bbox 712 1278 789 1358; x_wconf 87' lang='lat' dir='ltr'><strong>(titi)</strong></span> <span class='ocrx_word' id='word_1_83' title='bbox 809 1277 995 1353; x_wconf 78' lang='lat' dir='ltr'><strong>heschohcm</strong></span> <span class='ocrx_word' id='word_1_84' title='bbox 1031 1277 1087 1342; x_wconf 88' lang='lat' dir='ltr'><strong>wie</strong></span> <span class='ocrx_word' id='word_1_85' title='bbox 1110 1278 1159 1342; x_wconf 91' lang='lat' dir='ltr'><strong>ich</strong></span> <span class='ocrx_word' id='word_1_86' title='bbox 1191 1279 1247 1341; x_wconf 88' lang='lat' dir='ltr'><strong>dan</strong></span> <span class='ocrx_word' id='word_1_87' title='bbox 1282 1275 1452 1359; x_wconf 82' lang='lat' dir='ltr'><strong>gedachten</strong></span> <span class='ocrx_word' id='word_1_88' title='bbox 1473 1275 1566 1340; x_wconf 80' lang='lat' dir='ltr'><strong>Hercu</strong></span> 
     </span>
     <span class='ocr_line' id='line_1_11' title="bbox 221 1362 1567 1448; baseline -0.004 -17"><span class='ocrx_word' id='word_1_89' title='bbox 221 1367 349 1431; x_wconf 82' lang='lat' dir='ltr'><strong>Fiscum</strong></span> <span class='ocrx_word' id='word_1_90' title='bbox 370 1365 446 1429; x_wconf 91' lang='lat' dir='ltr'><strong>noch</strong></span> <span class='ocrx_word' id='word_1_91' title='bbox 470 1364 594 1428; x_wconf 89' lang='lat' dir='ltr'><strong>mahlsn</strong></span> <span class='ocrx_word' id='word_1_92' title='bbox 619 1365 710 1430; x_wconf 80' lang='lat' dir='ltr'><strong>isarna</strong></span> <span class='ocrx_word' id='word_1_93' title='bbox 734 1365 842 1430; x_wconf 88' lang='lat' dir='ltr'><strong>halber</strong></span> <span class='ocrx_word' id='word_1_94' title='bbox 863 1365 927 1428; x_wconf 85' lang='lat' dir='ltr'><strong>uili</strong></span> <span class='ocrx_word' id='word_1_95' title='bbox 950 1365 1043 1430; x_wconf 92' lang='lat' dir='ltr'><strong>dahin</strong></span> <span class='ocrx_word' id='word_1_96' title='bbox 1064 1365 1192 1448; x_wconf 85' lang='lat' dir='ltr'><strong>relegirt</strong></span> <span class='ocrx_word' id='word_1_97' title='bbox 1215 1365 1323 1428; x_wconf 87' lang='lat' dir='ltr'><strong>haben.</strong></span> <span class='ocrx_word' id='word_1_98' title='bbox 1358 1362 1407 1428; x_wconf 84' lang='lat' dir='ltr'><strong>Oh</strong></span> <span class='ocrx_word' id='word_1_99' title='bbox 1429 1363 1478 1444; x_wconf 90' lang='lat' dir='ltr'><strong>ich</strong></span> <span class='ocrx_word' id='word_1_100' title='bbox 1501 1365 1567 1428; x_wconf 85' lang='lat' dir='ltr'><strong>aher</strong></span> 
     </span>
     <span class='ocr_line' id='line_1_12' title="bbox 220 1451 1567 1536; baseline -0.003 -18"><span class='ocrx_word' id='word_1_101' title='bbox 220 1455 252 1518; x_wconf 92' lang='lat' dir='ltr'><strong>in</strong></span> <span class='ocrx_word' id='word_1_102' title='bbox 275 1453 443 1534; x_wconf 81' lang='lat' dir='ltr'><strong>nnsehung</strong></span> <span class='ocrx_word' id='word_1_103' title='bbox 477 1453 596 1517; x_wconf 87' lang='lat' dir='ltr'><strong>solcher</strong></span> <span class='ocrx_word' id='word_1_104' title='bbox 629 1454 781 1536; x_wconf 87' lang='lat' dir='ltr'><strong>gethaneu</strong></span> <span class='ocrx_word' id='word_1_105' title='bbox 817 1453 940 1536; x_wconf 81' lang='lat' dir='ltr'><strong>Aussag</strong></span> <span class='ocrx_word' id='word_1_106' title='bbox 971 1453 1044 1518; x_wconf 89' lang='lat' dir='ltr'><strong>oder</strong></span> <span class='ocrx_word' id='word_1_107' title='bbox 1066 1454 1305 1536; x_wconf 81' lang='lat' dir='ltr'><strong>correspondens</strong></span> <span class='ocrx_word' id='word_1_108' title='bbox 1338 1451 1387 1516; x_wconf 92' lang='lat' dir='ltr'><strong>cin</strong></span> <span class='ocrx_word' id='word_1_109' title='bbox 1421 1451 1515 1516; x_wconf 89' lang='lat' dir='ltr'><strong>reholl</strong></span> <span class='ocrx_word' id='word_1_110' title='bbox 1534 1471 1567 1515; x_wconf 88' lang='lat' dir='ltr'><strong>zu</strong></span> 
     </span>
     <span class='ocr_line' id='line_1_13' title="bbox 221 1539 1566 1624; baseline -0.003 -18"><span class='ocrx_word' id='word_1_111' title='bbox 221 1561 349 1618; x_wconf 78' lang='lat' dir='ltr'><strong>sennen,</strong></span> <span class='ocrx_word' id='word_1_112' title='bbox 384 1540 447 1604; x_wconf 84' lang='lat' dir='ltr'><strong>lass</strong></span> <span class='ocrx_word' id='word_1_113' title='bbox 479 1541 528 1605; x_wconf 93' lang='lat' dir='ltr'><strong>ich</strong></span> <span class='ocrx_word' id='word_1_114' title='bbox 553 1541 724 1624; x_wconf 82' lang='lat' dir='ltr'><strong>jeduedem</strong></span> <span class='ocrx_word' id='word_1_115' title='bbox 748 1540 1020 1606; x_wconf 87' lang='lat' dir='ltr'><strong>Christenmensch</strong></span> <span class='ocrx_word' id='word_1_116' title='bbox 1050 1543 1213 1606; x_wconf 85' lang='lat' dir='ltr'><strong>erhennon.</strong></span> <span class='ocrx_word' id='word_1_117' title='bbox 1253 1539 1355 1619; x_wconf 83' lang='lat' dir='ltr'><strong>„Quod</strong></span> <span class='ocrx_word' id='word_1_118' title='bbox 1386 1541 1468 1604; x_wconf 87' lang='lat' dir='ltr'><strong>enim</strong></span> <span class='ocrx_word' id='word_1_119' title='bbox 1492 1540 1566 1604; x_wconf 91' lang='lat' dir='ltr'><strong>coni·</strong></span> 
     </span>
     <span class='ocr_line' id='line_1_14' title="bbox 221 1628 1565 1711; baseline -0.004 -15"><span class='ocrx_word' id='word_1_120' title='bbox 221 1633 309 1696; x_wconf 87' lang='lat' dir='ltr'><strong>vente</strong></span> <span class='ocrx_word' id='word_1_121' title='bbox 340 1629 476 1711; x_wconf 77' lang='lat' dir='ltr'>principe</span> <span class='ocrx_word' id='word_1_122' title='bbox 510 1633 542 1692; x_wconf 85' lang='lat' dir='ltr'><strong>at</strong></span> <span class='ocrx_word' id='word_1_123' title='bbox 574 1628 798 1694; x_wconf 85' lang='lat' dir='ltr'><strong>interveniente</strong></span> <span class='ocrx_word' id='word_1_124' title='bbox 832 1629 916 1694; x_wconf 90' lang='lat' dir='ltr'><strong>iltius</strong></span> <span class='ocrx_word' id='word_1_125' title='bbox 939 1630 1126 1694; x_wconf 77' lang='lat' dir='ltr'><strong>authoritate</strong></span> <span class='ocrx_word' id='word_1_126' title='bbox 1148 1631 1201 1695; x_wconf 91' lang='lat' dir='ltr'><strong>fit.</strong></span> <span class='ocrx_word' id='word_1_127' title='bbox 1238 1647 1358 1692; x_wconf 87' lang='lat' dir='ltr'><strong>omnem</strong></span> <span class='ocrx_word' id='word_1_128' title='bbox 1381 1628 1565 1693; x_wconf 78' lang='lat' dir='ltr'><strong>existentiam</strong></span> 
     </span>
     <span class='ocr_line' id='line_1_15' title="bbox 220 1715 1563 1802; baseline -0.004 -19"><span class='ocrx_word' id='word_1_129' title='bbox 220 1717 293 1795; x_wconf 85' lang='lat' dir='ltr'><strong>doli,</strong></span> <span class='ocrx_word' id='word_1_130' title='bbox 318 1736 370 1798; x_wconf 86' lang='lat' dir='ltr'><strong>per</strong></span> <span class='ocrx_word' id='word_1_131' title='bbox 392 1735 577 1800; x_wconf 85' lang='lat' dir='ltr'><strong>consequens</strong></span> <span class='ocrx_word' id='word_1_132' title='bbox 601 1717 694 1782; x_wconf 88' lang='lat' dir='ltr'><strong>etiarn</strong></span> <span class='ocrx_word' id='word_1_133' title='bbox 720 1736 841 1782; x_wconf 87' lang='lat' dir='ltr'><strong>omnam</strong></span> <span class='ocrx_word' id='word_1_134' title='bbox 865 1735 995 1801; x_wconf 88' lang='lat' dir='ltr'><strong>poenam</strong></span> <span class='ocrx_word' id='word_1_135' title='bbox 1020 1718 1182 1783; x_wconf 69' lang='lat' dir='ltr'><strong>excludit*¹</strong></span> <span class='ocrx_word' id='word_1_136' title='bbox 1209 1718 1280 1802; x_wconf 84' lang='lat' dir='ltr'><strong>(tot.</strong></span> <span class='ocrx_word' id='word_1_137' title='bbox 1297 1717 1346 1782; x_wconf 91' lang='lat' dir='ltr'><strong>tit.</strong></span> <span class='ocrx_word' id='word_1_138' title='bbox 1363 1715 1394 1779; x_wconf 84' lang='lat' dir='ltr'><strong>ff.</strong></span> <span class='ocrx_word' id='word_1_139' title='bbox 1415 1715 1455 1780; x_wconf 90' lang='lat' dir='ltr'><strong>ad</strong></span> <span class='ocrx_word' id='word_1_140' title='bbox 1471 1716 1490 1780; x_wconf 91' lang='lat' dir='ltr'><strong>l.</strong></span> <span class='ocrx_word' id='word_1_141' title='bbox 1506 1715 1563 1781; x_wconf 86' lang='lat' dir='ltr'><strong>Jul.</strong></span> 
     </span>
     <span class='ocr_line' id='line_1_16' title="bbox 221 1805 421 1884; baseline -0.005 -13"><span class='ocrx_word' id='word_1_142' title='bbox 221 1805 421 1884; x_wconf 71' lang='lat' dir='ltr'><strong>Maiestatis).</strong></span> 
     </span>
    </p>

    <p class='ocr_par' dir='ltr' id='par_1_4' title="bbox 219 1891 1613 3036">
     <span class='ocr_line' id='line_1_17' title="bbox 325 1891 1565 1976; baseline -0.002 -19"><span class='ocrx_word' id='word_1_143' title='bbox 325 1894 372 1958; x_wconf 90' lang='lat' dir='ltr'><strong>Da</strong></span> <span class='ocrx_word' id='word_1_144' title='bbox 394 1893 470 1957; x_wconf 93' lang='lat' dir='ltr'><strong>doch</strong></span> <span class='ocrx_word' id='word_1_145' title='bbox 493 1891 578 1958; x_wconf 89' lang='lat' dir='ltr'><strong>Juris</strong></span> <span class='ocrx_word' id='word_1_146' title='bbox 601 1893 673 1956; x_wconf 90' lang='lat' dir='ltr'><strong>urdo</strong></span> <span class='ocrx_word' id='word_1_147' title='bbox 696 1891 855 1968; x_wconf 80' lang='lat' dir='ltr'><strong>erfordsrt.</strong></span> <span class='ocrx_word' id='word_1_148' title='bbox 879 1893 952 1958; x_wconf 89' lang='lat' dir='ltr'><strong>dass</strong></span> <span class='ocrx_word' id='word_1_149' title='bbox 974 1893 1170 1958; x_wconf 83' lang='lat' dir='ltr'><strong>uidcrcinen</strong></span> <span class='ocrx_word' id='word_1_150' title='bbox 1187 1891 1361 1976; x_wconf 86' lang='lat' dir='ltr'><strong>jedwedern</strong></span> <span class='ocrx_word' id='word_1_151' title='bbox 1384 1893 1478 1956; x_wconf 86' lang='lat' dir='ltr'><strong>ctiam</strong></span> <span class='ocrx_word' id='word_1_152' title='bbox 1501 1909 1565 1974; x_wconf 94' lang='lat' dir='ltr'><strong>pro·</strong></span> 
     </span>
     <span class='ocr_line' id='line_1_18' title="bbox 220 1981 1564 2066; baseline -0.004 -19"><span class='ocrx_word' id='word_1_153' title='bbox 220 1982 286 2066; x_wconf 88' lang='lat' dir='ltr'><strong>prio</strong></span> <span class='ocrx_word' id='word_1_154' title='bbox 308 2001 359 2048; x_wconf 87' lang='lat' dir='ltr'><strong>ore</strong></span> <span class='ocrx_word' id='word_1_155' title='bbox 381 1981 495 2046; x_wconf 87' lang='lat' dir='ltr'><strong>delicta</strong></span> <span class='ocrx_word' id='word_1_156' title='bbox 522 1981 717 2045; x_wconf 84' lang='lat' dir='ltr'><strong>confitentem</strong></span> <span class='ocrx_word' id='word_1_157' title='bbox 745 2001 796 2047; x_wconf 83' lang='lat' dir='ltr'><strong>vor</strong></span> <span class='ocrx_word' id='word_1_158' title='bbox 818 1982 898 2047; x_wconf 86' lang='lat' dir='ltr'><strong>alian</strong></span> <span class='ocrx_word' id='word_1_159' title='bbox 919 1982 1114 2048; x_wconf 80' lang='lat' dir='ltr'><strong>exactissime</strong></span> <span class='ocrx_word' id='word_1_160' title='bbox 1138 1981 1310 2064; x_wconf 75' lang='lat' dir='ltr'><strong>inquiriret</strong></span> <span class='ocrx_word' id='word_1_161' title='bbox 1335 1981 1385 2044; x_wconf 88' lang='lat' dir='ltr'><strong>die</strong></span> <span class='ocrx_word' id='word_1_162' title='bbox 1409 1981 1564 2044; x_wconf 86' lang='lat' dir='ltr'><strong>zusamhen</strong></span> 
     </span>
     <span class='ocr_line' id='line_1_19' title="bbox 219 2067 1566 2156; baseline -0.004 -21"><span class='ocrx_word' id='word_1_163' title='bbox 219 2071 385 2156; x_wconf 82' lang='lat' dir='ltr'><strong>gebrachte</strong></span> <span class='ocrx_word' id='word_1_164' title='bbox 405 2073 473 2134; x_wconf 87' lang='lat' dir='ltr'><strong>acta</strong></span> <span class='ocrx_word' id='word_1_165' title='bbox 504 2071 536 2132; x_wconf 87' lang='lat' dir='ltr'><strong>et</strong></span> <span class='ocrx_word' id='word_1_166' title='bbox 556 2067 685 2134; x_wconf 85' lang='lat' dir='ltr'><strong>actitata</strong></span> <span class='ocrx_word' id='word_1_167' title='bbox 716 2069 905 2136; x_wconf 81' lang='lat' dir='ltr'><strong>enucleatius</strong></span> <span class='ocrx_word' id='word_1_168' title='bbox 926 2071 1107 2148; x_wconf 74' lang='lat' dir='ltr'><strong>examinirt‚</strong></span> <span class='ocrx_word' id='word_1_169' title='bbox 1141 2069 1233 2134; x_wconf 83' lang='lat' dir='ltr'><strong>verba</strong></span> <span class='ocrx_word' id='word_1_170' title='bbox 1254 2067 1436 2151; x_wconf 85' lang='lat' dir='ltr'><strong>proferentis</strong></span> <span class='ocrx_word' id='word_1_171' title='bbox 1459 2087 1514 2133; x_wconf 93' lang='lat' dir='ltr'><strong>non</strong></span> <span class='ocrx_word' id='word_1_172' title='bbox 1535 2085 1566 2130; x_wconf 89' lang='lat' dir='ltr'><strong>cx</strong></span> 
     </span>
     <span class='ocr_line' id='line_1_20' title="bbox 222 2155 1566 2241; baseline -0.005 -17"><span class='ocrx_word' id='word_1_173' title='bbox 222 2160 302 2224; x_wconf 91' lang='lat' dir='ltr'><strong>nudo</strong></span> <span class='ocrx_word' id='word_1_174' title='bbox 325 2157 409 2224; x_wconf 86' lang='lat' dir='ltr'><strong>uerbi</strong></span> <span class='ocrx_word' id='word_1_175' title='bbox 434 2157 544 2222; x_wconf 89' lang='lat' dir='ltr'><strong>cortice</strong></span> <span class='ocrx_word' id='word_1_176' title='bbox 570 2155 622 2220; x_wconf 82' lang='lat' dir='ltr'><strong>ssd</strong></span> <span class='ocrx_word' id='word_1_177' title='bbox 645 2157 815 2221; x_wconf 87' lang='lat' dir='ltr'><strong>secuudum</strong></span> <span class='ocrx_word' id='word_1_178' title='bbox 839 2160 1007 2241; x_wconf 85' lang='lat' dir='ltr'><strong>genuinum</strong></span> <span class='ocrx_word' id='word_1_179' title='bbox 1031 2177 1156 2223; x_wconf 91' lang='lat' dir='ltr'><strong>sensum</strong></span> <span class='ocrx_word' id='word_1_180' title='bbox 1178 2157 1336 2240; x_wconf 90' lang='lat' dir='ltr'><strong>ponderirt</strong></span> <span class='ocrx_word' id='word_1_181' title='bbox 1357 2155 1478 2220; x_wconf 86' lang='lat' dir='ltr'><strong>werden</strong></span> <span class='ocrx_word' id='word_1_182' title='bbox 1510 2155 1566 2218; x_wconf 92' lang='lat' dir='ltr'><strong>sol-</strong></span> 
     </span>
     <span class='ocr_line' id='line_1_21' title="bbox 220 2243 1613 2330; baseline -0.004 -18"><span class='ocrx_word' id='word_1_183' title='bbox 220 2247 288 2322; x_wconf 83' lang='lat' dir='ltr'><strong>lon,</strong></span> <span class='ocrx_word' id='word_1_184' title='bbox 317 2265 404 2320; x_wconf 85' lang='lat' dir='ltr'><strong>„cum</strong></span> <span class='ocrx_word' id='word_1_185' title='bbox 418 2264 489 2309; x_wconf 90' lang='lat' dir='ltr'><strong>rcus</strong></span> <span class='ocrx_word' id='word_1_186' title='bbox 511 2264 569 2310; x_wconf 92' lang='lat' dir='ltr'><strong>non</strong></span> <span class='ocrx_word' id='word_1_187' title='bbox 592 2246 634 2310; x_wconf 89' lang='lat' dir='ltr'><strong>sit</strong></span> <span class='ocrx_word' id='word_1_188' title='bbox 649 2245 700 2327; x_wconf 92' lang='lat' dir='ltr'><strong>qui</strong></span> <span class='ocrx_word' id='word_1_189' title='bbox 724 2249 896 2323; x_wconf 86' lang='lat' dir='ltr'><strong>accusatur,</strong></span> <span class='ocrx_word' id='word_1_190' title='bbox 922 2247 980 2311; x_wconf 87' lang='lat' dir='ltr'><strong>nisi</strong></span> <span class='ocrx_word' id='word_1_191' title='bbox 996 2266 1050 2330; x_wconf 87' lang='lat' dir='ltr'><strong>per</strong></span> <span class='ocrx_word' id='word_1_192' title='bbox 1073 2247 1259 2311; x_wconf 88' lang='lat' dir='ltr'><strong>seutentiam</strong></span> <span class='ocrx_word' id='word_1_193' title='bbox 1276 2245 1360 2328; x_wconf 89' lang='lat' dir='ltr'><strong>prius</strong></span> <span class='ocrx_word' id='word_1_194' title='bbox 1381 2243 1561 2308; x_wconf 78' lang='lat' dir='ltr'><strong>declaretur·</strong></span> <span class='ocrx_word' id='word_1_195' title='bbox 1606 2263 1613 2296; x_wconf 69' lang='lat' dir='ltr'><strong>r</strong></span> 
     </span>
     <span class='ocr_line' id='line_1_22' title="bbox 222 2331 1564 2419; baseline -0.002 -21"><span class='ocrx_word' id='word_1_196' title='bbox 222 2334 257 2419; x_wconf 85' lang='lat' dir='ltr'><strong>(l.</strong></span> <span class='ocrx_word' id='word_1_197' title='bbox 281 2335 333 2399; x_wconf 87' lang='lat' dir='ltr'><strong>fin.</strong></span> <span class='ocrx_word' id='word_1_198' title='bbox 358 2334 390 2398; x_wconf 80' lang='grc' dir='ltr'><strong>Ο.</strong></span> <span class='ocrx_word' id='word_1_199' title='bbox 424 2333 461 2398; x_wconf 91' lang='lat' dir='ltr'><strong>de</strong></span> <span class='ocrx_word' id='word_1_200' title='bbox 484 2333 630 2398; x_wconf 82' lang='lat' dir='ltr'><strong>Accusat.</strong></span> <span class='ocrx_word' id='word_1_201' title='bbox 663 2333 683 2397; x_wconf 94' lang='lat' dir='ltr'><strong>l.</strong></span> <span class='ocrx_word' id='word_1_202' title='bbox 713 2337 738 2399; x_wconf 92' lang='lat' dir='ltr'><strong>l.</strong></span> <span class='ocrx_word' id='word_1_203' title='bbox 774 2353 808 2397; x_wconf 86' lang='lat' dir='ltr'><strong>ex</strong></span> <span class='ocrx_word' id='word_1_204' title='bbox 831 2334 851 2398; x_wconf 95' lang='lat' dir='ltr'><strong>l.</strong></span> <span class='ocrx_word' id='word_1_205' title='bbox 877 2335 928 2398; x_wconf 89' lang='lat'><strong>14.</strong></span> <span class='ocrx_word' id='word_1_206' title='bbox 952 2333 986 2399; x_wconf 81' lang='lat' dir='ltr'><strong>O.</strong></span> <span class='ocrx_word' id='word_1_207' title='bbox 1008 2354 1045 2399; x_wconf 93' lang='lat' dir='ltr'><strong>ex</strong></span> <span class='ocrx_word' id='word_1_208' title='bbox 1074 2334 1187 2418; x_wconf 87' lang='lat' dir='ltr'><strong>quibus</strong></span> <span class='ocrx_word' id='word_1_209' title='bbox 1217 2353 1299 2398; x_wconf 86' lang='lat' dir='ltr'><strong>caus.</strong></span> <span class='ocrx_word' id='word_1_210' title='bbox 1330 2331 1438 2398; x_wconf 81' lang='lat' dir='ltr'><strong>infern.</strong></span> <span class='ocrx_word' id='word_1_211' title='bbox 1469 2331 1564 2414; x_wconf 82' lang='lat' dir='ltr'><strong>irrog.)</strong></span> 
     </span>
     <span class='ocr_line' id='line_1_23' title="bbox 221 2419 1613 2505; baseline -0.003 -17"><span class='ocrx_word' id='word_1_212' title='bbox 221 2443 323 2488; x_wconf 82' lang='lat' dir='ltr'><strong>niuosa</strong></span> <span class='ocrx_word' id='word_1_213' title='bbox 350 2421 414 2487; x_wconf 89' lang='lat' dir='ltr'><strong>also</strong></span> <span class='ocrx_word' id='word_1_214' title='bbox 437 2423 507 2486; x_wconf 87' lang='lat' dir='ltr'><strong>herr</strong></span> <span class='ocrx_word' id='word_1_215' title='bbox 536 2421 642 2486; x_wconf 85' lang='lat' dir='ltr'><strong>Fiscus</strong></span> <span class='ocrx_word' id='word_1_216' title='bbox 671 2419 718 2484; x_wconf 92' lang='lat' dir='ltr'><strong>nit</strong></span> <span class='ocrx_word' id='word_1_217' title='bbox 747 2422 881 2505; x_wconf 81' lang='lat' dir='ltr'><strong>sogleich</strong></span> <span class='ocrx_word' id='word_1_218' title='bbox 906 2441 941 2487; x_wconf 90' lang='lat' dir='ltr'><strong>ex</strong></span> <span class='ocrx_word' id='word_1_219' title='bbox 963 2421 1048 2487; x_wconf 88' lang='lat' dir='ltr'><strong>fama</strong></span> <span class='ocrx_word' id='word_1_220' title='bbox 1069 2423 1174 2504; x_wconf 86' lang='lat' dir='ltr'><strong>aliqua</strong></span> <span class='ocrx_word' id='word_1_221' title='bbox 1196 2421 1318 2504; x_wconf 88' lang='lat' dir='ltr'><strong>publica</strong></span> <span class='ocrx_word' id='word_1_222' title='bbox 1350 2421 1432 2485; x_wconf 91' lang='lat' dir='ltr'><strong>mich</strong></span> <span class='ocrx_word' id='word_1_223' title='bbox 1456 2419 1567 2484; x_wconf 87' lang='lat' dir='ltr'><strong>inaudi-</strong></span> <span class='ocrx_word' id='word_1_224' title='bbox 1612 2465 1613 2484; x_wconf 48' lang='lat' dir='ltr'><strong>r</strong></span> 
     </span>
     <span class='ocr_line' id='line_1_24' title="bbox 221 2499 1613 2593; baseline -0.004 -17"><span class='ocrx_word' id='word_1_225' title='bbox 221 2514 288 2576; x_wconf 89' lang='lat' dir='ltr'><strong>tum</strong></span> <span class='ocrx_word' id='word_1_226' title='bbox 311 2509 579 2575; x_wconf 80' lang='lat' dir='ltr'><strong>ihrsinitehclien</strong></span> <span class='ocrx_word' id='word_1_227' title='bbox 604 2510 750 2592; x_wconf 80' lang='lat' dir='ltr'><strong>augebam,</strong></span> <span class='ocrx_word' id='word_1_228' title='bbox 774 2511 895 2575; x_wconf 90' lang='lat' dir='ltr'><strong>indems</strong></span> <span class='ocrx_word' id='word_1_229' title='bbox 918 2510 989 2574; x_wconf 86' lang='lat' dir='ltr'><strong>dass</strong></span> <span class='ocrx_word' id='word_1_230' title='bbox 1012 2510 1181 2593; x_wconf 86' lang='lat' dir='ltr'><strong>Widcrspil</strong></span> <span class='ocrx_word' id='word_1_231' title='bbox 1213 2513 1265 2573; x_wconf 88' lang='lat' dir='ltr'><strong>der</strong></span> <span class='ocrx_word' id='word_1_232' title='bbox 1288 2499 1480 2573; x_wconf 76' lang='lat' dir='ltr'><strong>cermaiuten</strong></span> <span class='ocrx_word' id='word_1_233' title='bbox 1501 2506 1567 2572; x_wconf 85' lang='lat' dir='ltr'><strong>Cor·</strong></span> <span class='ocrx_word' id='word_1_234' title='bbox 1612 2523 1613 2534; x_wconf 60' lang='lat'>¹</span> 
     </span>
     <span class='ocr_line' id='line_1_25' title="bbox 221 2595 1566 2682; baseline -0.004 -18"><span class='ocrx_word' id='word_1_235' title='bbox 221 2601 408 2682; x_wconf 78' lang='lat' dir='ltr'><strong>respondeus</strong></span> <span class='ocrx_word' id='word_1_236' title='bbox 437 2598 546 2662; x_wconf 88' lang='lat' dir='ltr'><strong>halher</strong></span> <span class='ocrx_word' id='word_1_237' title='bbox 569 2597 700 2662; x_wconf 84' lang='lat' dir='ltr'><strong>testibus</strong></span> <span class='ocrx_word' id='word_1_238' title='bbox 724 2598 806 2662; x_wconf 90' lang='lat' dir='ltr'><strong>omni</strong></span> <span class='ocrx_word' id='word_1_239' title='bbox 829 2598 1005 2682; x_wconf 81' lang='lat' dir='ltr'><strong>exceptione</strong></span> <span class='ocrx_word' id='word_1_240' title='bbox 1029 2599 1197 2682; x_wconf 86' lang='lat' dir='ltr'><strong>majoribus</strong></span> <span class='ocrx_word' id='word_1_241' title='bbox 1220 2599 1342 2681; x_wconf 83' lang='lat' dir='ltr'><strong>ganaigt</strong></span> <span class='ocrx_word' id='word_1_242' title='bbox 1365 2597 1426 2660; x_wconf 91' lang='lat' dir='ltr'><strong>und</strong></span> <span class='ocrx_word' id='word_1_243' title='bbox 1449 2595 1566 2660; x_wconf 86' lang='lat' dir='ltr'><strong>damon·</strong></span> 
     </span>
     <span class='ocr_line' id='line_1_26' title="bbox 221 2685 1567 2768; baseline -0.004 -16"><span class='ocrx_word' id='word_1_244' title='bbox 221 2689 310 2752; x_wconf 85' lang='lat' dir='ltr'><strong>strirt</strong></span> <span class='ocrx_word' id='word_1_245' title='bbox 333 2687 420 2764; x_wconf 88' lang='lat' dir='ltr'><strong>ha&#39;be,</strong></span> <span class='ocrx_word' id='word_1_246' title='bbox 449 2686 536 2768; x_wconf 83' lang='lat' dir='ltr'><strong>„plus</strong></span> <span class='ocrx_word' id='word_1_247' title='bbox 559 2687 661 2749; x_wconf 82' lang='lat' dir='ltr'><strong>autam</strong></span> <span class='ocrx_word' id='word_1_248' title='bbox 687 2686 834 2767; x_wconf 87' lang='lat' dir='ltr'><strong>estquod</strong></span> <span class='ocrx_word' id='word_1_249' title='bbox 858 2687 959 2752; x_wconf 88' lang='lat' dir='ltr'><strong>estin</strong></span> <span class='ocrx_word' id='word_1_250' title='bbox 984 2687 1121 2754; x_wconf 75' lang='lat' dir='ltr'><strong>cantate.</strong></span> <span class='ocrx_word' id='word_1_251' title='bbox 1146 2705 1237 2768; x_wconf 87' lang='lat' dir='ltr'><strong>quam</strong></span> <span class='ocrx_word' id='word_1_252' title='bbox 1262 2685 1419 2750; x_wconf 88' lang='lat' dir='ltr'><strong>hominum</strong></span> <span class='ocrx_word' id='word_1_253' title='bbox 1445 2685 1522 2749; x_wconf 84' lang='lat' dir='ltr'><strong>fama</strong></span> <span class='ocrx_word' id='word_1_254' title='bbox 1539 2685 1567 2748; x_wconf 87' lang='lat' dir='ltr'><strong>ct</strong></span> 
     </span>
     <span class='ocr_line' id='line_1_27' title="bbox 220 2769 1566 2858; baseline -0.004 -17"><span class='ocrx_word' id='word_1_255' title='bbox 220 2776 325 2841; x_wconf 87' lang='lat' dir='ltr'><strong>fallaci</strong></span> <span class='ocrx_word' id='word_1_256' title='bbox 348 2774 499 2858; x_wconf 91' lang='lat' dir='ltr'><strong>opinione.</strong></span> <span class='ocrx_word' id='word_1_257' title='bbox 523 2774 614 2855; x_wconf 87' lang='lat' dir='ltr'><strong>(inst.</strong></span> <span class='ocrx_word' id='word_1_258' title='bbox 640 2774 677 2838; x_wconf 91' lang='lat' dir='ltr'><strong>de</strong></span> <span class='ocrx_word' id='word_1_259' title='bbox 700 2773 794 2855; x_wconf 79' lang='lat' dir='ltr'><strong>legat.</strong></span> <span class='ocrx_word' id='word_1_260' title='bbox 816 2777 846 2854; x_wconf 66' lang='grc' dir='ltr'><strong>ξ.</strong></span> <span class='ocrx_word' id='word_1_261' title='bbox 864 2774 912 2838; x_wconf 87' lang='grc'><strong>11.</strong></span> <span class='ocrx_word' id='word_1_262' title='bbox 927 2775 947 2839; x_wconf 93' lang='lat' dir='ltr'><strong>l.</strong></span> <span class='ocrx_word' id='word_1_263' title='bbox 961 2775 991 2839; x_wconf 88' lang='grc'><strong>4.</strong></span> <span class='ocrx_word' id='word_1_264' title='bbox 1011 2777 1040 2855; x_wconf 67' lang='grc' dir='ltr'><strong>ξ.</strong></span> <span class='ocrx_word' id='word_1_265' title='bbox 1059 2778 1085 2840; x_wconf 92' lang='lat' dir='ltr'><strong>l.</strong></span> <span class='ocrx_word' id='word_1_266' title='bbox 1105 2775 1137 2838; x_wconf 82' lang='lat' dir='ltr'><strong>ff.</strong></span> <span class='ocrx_word' id='word_1_267' title='bbox 1152 2778 1188 2837; x_wconf 90' lang='lat' dir='ltr'><strong>de</strong></span> <span class='ocrx_word' id='word_1_268' title='bbox 1213 2793 1303 2838; x_wconf 87' lang='lat' dir='ltr'><strong>manu</strong></span> <span class='ocrx_word' id='word_1_269' title='bbox 1321 2769 1419 2856; x_wconf 90' lang='lat' dir='ltr'><strong>vind.)</strong></span> <span class='ocrx_word' id='word_1_270' title='bbox 1444 2771 1566 2837; x_wconf 87' lang='lat' dir='ltr'><strong>Proinde</strong></span> 
     </span>
     <span class='ocr_line' id='line_1_28' title="bbox 225 2859 1565 2946; baseline -0.004 -18"><span class='ocrx_word' id='word_1_271' title='bbox 225 2859 289 2928; x_wconf 81' lang='lat' dir='ltr'><strong>nori</strong></span> <span class='ocrx_word' id='word_1_272' title='bbox 306 2863 420 2946; x_wconf 89' lang='lat' dir='ltr'><strong>absque</strong></span> <span class='ocrx_word' id='word_1_273' title='bbox 433 2862 548 2928; x_wconf 84' lang='lat' dir='ltr'><strong>ratione</strong></span> <span class='ocrx_word' id='word_1_274' title='bbox 561 2861 738 2945; x_wconf 85' lang='lat' dir='ltr'><strong>procacibus</strong></span> <span class='ocrx_word' id='word_1_275' title='bbox 750 2865 782 2926; x_wconf 87' lang='lat' dir='ltr'><strong>et</strong></span> <span class='ocrx_word' id='word_1_276' title='bbox 794 2861 941 2945; x_wconf 87' lang='lat' dir='ltr'><strong>improbis</strong></span> <span class='ocrx_word' id='word_1_277' title='bbox 966 2863 1065 2927; x_wconf 80' lang='lat' dir='ltr'><strong>sorbis</strong></span> <span class='ocrx_word' id='word_1_278' title='bbox 1078 2865 1124 2927; x_wconf 85' lang='lat' dir='ltr'><strong>uti</strong></span> <span class='ocrx_word' id='word_1_279' title='bbox 1147 2862 1336 2945; x_wconf 86' lang='lat' dir='ltr'><strong>prohibitum</strong></span> <span class='ocrx_word' id='word_1_280' title='bbox 1349 2865 1398 2925; x_wconf 87' lang='lat' dir='ltr'><strong>cat</strong></span> <span class='ocrx_word' id='word_1_281' title='bbox 1409 2860 1565 2925; x_wconf 84' lang='lat' dir='ltr'><strong>advocatis.</strong></span> 
     </span>
     <span class='ocr_line' id='line_1_29' title="bbox 222 2947 1565 3036; baseline -0.004 -20"><span class='ocrx_word' id='word_1_282' title='bbox 222 2952 254 3036; x_wconf 88' lang='lat' dir='ltr'><strong>(a</strong></span> <span class='ocrx_word' id='word_1_283' title='bbox 278 2951 302 3016; x_wconf 95' lang='grc' dir='ltr'><strong>Ι.</strong></span> <span class='ocrx_word' id='word_1_284' title='bbox 315 2953 367 3017; x_wconf 89' lang='lat' dir='ltr'><strong>fin.</strong></span> <span class='ocrx_word' id='word_1_285' title='bbox 381 2953 411 3031; x_wconf 65' lang='grc' dir='ltr'><strong>ς.</strong></span> <span class='ocrx_word' id='word_1_286' title='bbox 424 2951 455 3014; x_wconf 94' lang='lat' dir='ltr'><strong>in</strong></span> <span class='ocrx_word' id='word_1_287' title='bbox 479 2969 511 3013; x_wconf 90' lang='lat' dir='ltr'><strong>ra</strong></span> <span class='ocrx_word' id='word_1_288' title='bbox 534 2948 590 3014; x_wconf 84' lang='lat' dir='ltr'><strong>iot.</strong></span> <span class='ocrx_word' id='word_1_289' title='bbox 607 2948 641 3014; x_wconf 80' lang='lat' dir='ltr'><strong>O.</strong></span> <span class='ocrx_word' id='word_1_290' title='bbox 658 2950 696 3013; x_wconf 89' lang='lat' dir='ltr'><strong>ds</strong></span> <span class='ocrx_word' id='word_1_291' title='bbox 719 2950 865 3032; x_wconf 85' lang='lat' dir='ltr'><strong>appellat.</strong></span> <span class='ocrx_word' id='word_1_292' title='bbox 882 2950 1061 3034; x_wconf 82' lang='lat' dir='ltr'><strong>l.quisquis‚</strong></span> <span class='ocrx_word' id='word_1_293' title='bbox 1083 2951 1111 3033; x_wconf 63' lang='lat' dir='ltr'><strong>g.</strong></span> <span class='ocrx_word' id='word_1_294' title='bbox 1129 2953 1200 3016; x_wconf 89' lang='lat' dir='ltr'><strong>ante</strong></span> <span class='ocrx_word' id='word_1_295' title='bbox 1223 2952 1325 3015; x_wconf 85' lang='lat' dir='ltr'><strong>omnia</strong></span> <span class='ocrx_word' id='word_1_296' title='bbox 1341 2947 1375 3014; x_wconf 82' lang='lat' dir='ltr'><strong>G.</strong></span> <span class='ocrx_word' id='word_1_297' title='bbox 1394 2949 1430 3013; x_wconf 92' lang='lat' dir='ltr'><strong>de</strong></span> <span class='ocrx_word' id='word_1_298' title='bbox 1447 2947 1565 3030; x_wconf 88' lang='lat' dir='ltr'><strong>postul.)</strong></span> 
     </span>
    </p>

    <p class='ocr_par' dir='ltr' id='par_1_5' title="bbox 220 3038 1566 4003">
     <span class='ocr_line' id='line_1_30' title="bbox 326 3038 1566 3122; baseline -0.004 -18"><span class='ocrx_word' id='word_1_299' title='bbox 326 3039 514 3104; x_wconf 87' lang='lat' dir='ltr'><strong>Beiordorist</strong></span> <span class='ocrx_word' id='word_1_300' title='bbox 535 3041 608 3103; x_wconf 87' lang='lat' dir='ltr'><strong>aher</strong></span> <span class='ocrx_word' id='word_1_301' title='bbox 631 3056 735 3102; x_wconf 86' lang='lat' dir='ltr'><strong>musas</strong></span> <span class='ocrx_word' id='word_1_302' title='bbox 758 3038 839 3104; x_wconf 81' lang='lat' dir='ltr'><strong>Hero</strong></span> <span class='ocrx_word' id='word_1_303' title='bbox 861 3039 969 3103; x_wconf 78' lang='lat' dir='ltr'><strong>Fiscus</strong></span> <span class='ocrx_word' id='word_1_304' title='bbox 993 3039 1075 3103; x_wconf 86' lang='lat' dir='ltr'><strong>main</strong></span> <span class='ocrx_word' id='word_1_305' title='bbox 1100 3038 1223 3122; x_wconf 80' lang='lat' dir='ltr'><strong>Aussag</strong></span> <span class='ocrx_word' id='word_1_306' title='bbox 1243 3038 1283 3102; x_wconf 87' lang='lat' dir='ltr'><strong>H.</strong></span> <span class='ocrx_word' id='word_1_307' title='bbox 1298 3038 1357 3102; x_wconf 90' lang='lat' dir='ltr'><strong>mit</strong></span> <span class='ocrx_word' id='word_1_308' title='bbox 1380 3038 1492 3101; x_wconf 87' lang='lat' dir='ltr'><strong>andern</strong></span> <span class='ocrx_word' id='word_1_309' title='bbox 1505 3055 1566 3100; x_wconf 83' lang='lat' dir='ltr'><strong>rcr-</strong></span> 
     </span>
     <span class='ocr_line' id='line_1_31' title="bbox 221 3125 1563 3209; baseline -0.005 -15"><span class='ocrx_word' id='word_1_310' title='bbox 221 3128 421 3194; x_wconf 87' lang='lat' dir='ltr'><strong>maintlichen</strong></span> <span class='ocrx_word' id='word_1_311' title='bbox 443 3125 599 3190; x_wconf 85' lang='lat' dir='ltr'><strong>Bahelffen</strong></span> <span class='ocrx_word' id='word_1_312' title='bbox 622 3127 669 3190; x_wconf 90' lang='lat' dir='ltr'><strong>uit</strong></span> <span class='ocrx_word' id='word_1_313' title='bbox 691 3125 961 3209; x_wconf 86' lang='lat' dir='ltr'><strong>alsopraspostere</strong></span> <span class='ocrx_word' id='word_1_314' title='bbox 974 3127 1116 3192; x_wconf 86' lang='lat' dir='ltr'><strong>anciehen</strong></span> <span class='ocrx_word' id='word_1_315' title='bbox 1141 3129 1212 3192; x_wconf 86' lang='lat' dir='ltr'><strong>oder</strong></span> <span class='ocrx_word' id='word_1_316' title='bbox 1226 3143 1422 3208; x_wconf 70' lang='lat' dir='ltr'><strong>hermengam</strong></span> <span class='ocrx_word' id='word_1_317' title='bbox 1444 3126 1563 3189; x_wconf 86' lang='lat' dir='ltr'><strong>sondaru</strong></span> 
     </span>
     <span class='ocr_line' id='line_1_32' title="bbox 220 3212 1563 3302; baseline -0.004 -21"><span class='ocrx_word' id='word_1_318' title='bbox 220 3216 403 3302; x_wconf 85' lang='lat' dir='ltr'><strong>glaichuohl</strong></span> <span class='ocrx_word' id='word_1_319' title='bbox 425 3215 562 3279; x_wconf 86' lang='lat' dir='ltr'><strong>ordinem</strong></span> <span class='ocrx_word' id='word_1_320' title='bbox 585 3212 668 3291; x_wconf 79' lang='lat' dir='ltr'><strong>iacti,</strong></span> <span class='ocrx_word' id='word_1_321' title='bbox 694 3233 803 3297; x_wconf 81' lang='lat' dir='ltr'><strong>nempe</strong></span> <span class='ocrx_word' id='word_1_322' title='bbox 826 3217 899 3297; x_wconf 90' lang='lat' dir='ltr'><strong>quid</strong></span> <span class='ocrx_word' id='word_1_323' title='bbox 922 3215 954 3279; x_wconf 91' lang='lat' dir='ltr'><strong>in</strong></span> <span class='ocrx_word' id='word_1_324' title='bbox 978 3215 1166 3297; x_wconf 76' lang='lat' dir='ltr'><strong>primordio?</strong></span> <span class='ocrx_word' id='word_1_325' title='bbox 1197 3217 1268 3297; x_wconf 84' lang='lat' dir='ltr'><strong>quid</strong></span> <span class='ocrx_word' id='word_1_326' title='bbox 1293 3215 1393 3278; x_wconf 87' lang='lat' dir='ltr'><strong>medic</strong></span> <span class='ocrx_word' id='word_1_327' title='bbox 1416 3215 1448 3276; x_wconf 91' lang='lat' dir='ltr'><strong>et</strong></span> <span class='ocrx_word' id='word_1_328' title='bbox 1470 3217 1563 3276; x_wconf 79' lang='lat' dir='ltr'><strong>tractu</strong></span> 
     </span>
     <span class='ocr_line' id='line_1_33' title="bbox 221 3301 1562 3388; baseline -0.005 -17"><span class='ocrx_word' id='word_1_329' title='bbox 221 3305 392 3388; x_wconf 82' lang='lat' dir='ltr'><strong>temporis?</strong></span> <span class='ocrx_word' id='word_1_330' title='bbox 426 3303 551 3367; x_wconf 88' lang='lat' dir='ltr'><strong>tandem</strong></span> <span class='ocrx_word' id='word_1_331' title='bbox 575 3302 656 3367; x_wconf 89' lang='lat' dir='ltr'><strong>circu</strong></span> <span class='ocrx_word' id='word_1_332' title='bbox 678 3301 771 3367; x_wconf 86' lang='lat' dir='ltr'><strong>finam</strong></span> <span class='ocrx_word' id='word_1_333' title='bbox 794 3320 881 3372; x_wconf 84' lang='lat' dir='ltr'><strong>casus</strong></span> <span class='ocrx_word' id='word_1_334' title='bbox 905 3304 953 3369; x_wconf 86' lang='lat' dir='ltr'><strong>voi</strong></span> <span class='ocrx_word' id='word_1_335' title='bbox 976 3303 1129 3368; x_wconf 84' lang='lat' dir='ltr'><strong>tumultus</strong></span> <span class='ocrx_word' id='word_1_336' title='bbox 1152 3305 1340 3368; x_wconf 85' lang='lat' dir='ltr'><strong>attentatum</strong></span> <span class='ocrx_word' id='word_1_337' title='bbox 1365 3304 1431 3365; x_wconf 84' lang='lat' dir='ltr'><strong>sit‘?</strong></span> <span class='ocrx_word' id='word_1_338' title='bbox 1464 3319 1562 3365; x_wconf 88' lang='lat' dir='ltr'><strong>conse·</strong></span> 
     </span>
     <span class='ocr_line' id='line_1_34' title="bbox 222 3387 1562 3477; baseline -0.004 -19"><span class='ocrx_word' id='word_1_339' title='bbox 222 3396 349 3477; x_wconf 86' lang='lat' dir='ltr'><strong>quantor</strong></span> <span class='ocrx_word' id='word_1_340' title='bbox 373 3393 420 3456; x_wconf 90' lang='lat' dir='ltr'><strong>dia</strong></span> <span class='ocrx_word' id='word_1_341' title='bbox 443 3391 527 3456; x_wconf 83' lang='lat' dir='ltr'><strong>Zeit:</strong></span> <span class='ocrx_word' id='word_1_342' title='bbox 560 3409 637 3466; x_wconf 84' lang='lat' dir='ltr'><strong>wan,</strong></span> <span class='ocrx_word' id='word_1_343' title='bbox 661 3389 727 3464; x_wconf 82' lang='lat' dir='ltr'><strong>uis,</strong></span> <span class='ocrx_word' id='word_1_344' title='bbox 752 3393 853 3472; x_wconf 85' lang='lat' dir='ltr'><strong>eiquo</strong></span> <span class='ocrx_word' id='word_1_345' title='bbox 875 3389 977 3456; x_wconf 90' lang='lat' dir='ltr'><strong>auimo</strong></span> <span class='ocrx_word' id='word_1_346' title='bbox 1007 3393 1057 3456; x_wconf 88' lang='lat' dir='ltr'><strong>ein</strong></span> <span class='ocrx_word' id='word_1_347' title='bbox 1080 3394 1151 3456; x_wconf 88' lang='lat' dir='ltr'><strong>oder</strong></span> <span class='ocrx_word' id='word_1_348' title='bbox 1168 3393 1238 3454; x_wconf 81' lang='lat' dir='ltr'><strong>dass</strong></span> <span class='ocrx_word' id='word_1_349' title='bbox 1263 3390 1374 3454; x_wconf 86' lang='lat' dir='ltr'><strong>andero</strong></span> <span class='ocrx_word' id='word_1_350' title='bbox 1391 3387 1562 3464; x_wconf 82' lang='lat' dir='ltr'><strong>baschehsn</strong></span> 
     </span>
     <span class='ocr_line' id='line_1_35' title="bbox 223 3477 1562 3561; baseline -0.006 -15"><span class='ocrx_word' id='word_1_351' title='bbox 223 3481 356 3548; x_wconf 81' lang='lat' dir='ltr'><strong>bothant</strong></span> <span class='ocrx_word' id='word_1_352' title='bbox 388 3479 448 3544; x_wconf 89' lang='lat' dir='ltr'><strong>und</strong></span> <span class='ocrx_word' id='word_1_353' title='bbox 472 3480 639 3561; x_wconf 84' lang='lat' dir='ltr'><strong>ausgesagt</strong></span> <span class='ocrx_word' id='word_1_354' title='bbox 661 3479 790 3554; x_wconf 80' lang='lat' dir='ltr'><strong>worden,</strong></span> <span class='ocrx_word' id='word_1_355' title='bbox 827 3481 885 3543; x_wconf 88' lang='lat' dir='ltr'><strong>rnit</strong></span> <span class='ocrx_word' id='word_1_356' title='bbox 908 3480 994 3544; x_wconf 87' lang='lat' dir='ltr'><strong>ihren</strong></span> <span class='ocrx_word' id='word_1_357' title='bbox 1018 3479 1230 3545; x_wconf 78' lang='lat' dir='ltr'><strong>Vmbstaoden</strong></span> <span class='ocrx_word' id='word_1_358' title='bbox 1254 3480 1325 3542; x_wconf 85' lang='lat' dir='ltr'><strong>uoti</strong></span> <span class='ocrx_word' id='word_1_359' title='bbox 1348 3477 1562 3548; x_wconf 73' lang='lat' dir='ltr'><strong>considentem</strong></span> 
     </span>
     <span class='ocr_line' id='line_1_36' title="bbox 222 3565 1561 3652; baseline -0.006 -18"><span class='ocrx_word' id='word_1_360' title='bbox 222 3571 282 3635; x_wconf 90' lang='lat' dir='ltr'><strong>dan</strong></span> <span class='ocrx_word' id='word_1_361' title='bbox 312 3568 414 3652; x_wconf 87' lang='lat' dir='ltr'><strong>gleich</strong></span> <span class='ocrx_word' id='word_1_362' title='bbox 436 3569 493 3632; x_wconf 86' lang='lat' dir='ltr'><strong>wis</strong></span> <span class='ocrx_word' id='word_1_363' title='bbox 517 3567 565 3631; x_wconf 94' lang='lat' dir='ltr'><strong>ich</strong></span> <span class='ocrx_word' id='word_1_364' title='bbox 595 3565 723 3648; x_wconf 84' lang='lat' dir='ltr'><strong>aniangs</strong></span> <span class='ocrx_word' id='word_1_365' title='bbox 744 3566 785 3630; x_wconf 93' lang='lat' dir='ltr'><strong>H.</strong></span> <span class='ocrx_word' id='word_1_366' title='bbox 807 3567 973 3652; x_wconf 82' lang='lat' dir='ltr'><strong>frayuillig</strong></span> <span class='ocrx_word' id='word_1_367' title='bbox 997 3567 1127 3642; x_wconf 78' lang='lat' dir='ltr'><strong>hahent,</strong></span> <span class='ocrx_word' id='word_1_368' title='bbox 1164 3571 1233 3632; x_wconf 85' lang='lat' dir='ltr'><strong>dass</strong></span> <span class='ocrx_word' id='word_1_369' title='bbox 1257 3569 1307 3632; x_wconf 91' lang='lat' dir='ltr'><strong>ich</strong></span> <span class='ocrx_word' id='word_1_370' title='bbox 1339 3569 1408 3630; x_wconf 87' lang='lat' dir='ltr'><strong>dem</strong></span> <span class='ocrx_word' id='word_1_371' title='bbox 1432 3565 1561 3628; x_wconf 83' lang='lat' dir='ltr'><strong>Tdrcheu</strong></span> 
     </span>
     <span class='ocr_line' id='line_1_37' title="bbox 221 3652 1562 3743; baseline -0.007 -20"><span class='ocrx_word' id='word_1_372' title='bbox 221 3657 412 3743; x_wconf 79' lang='lat' dir='ltr'><strong>geschrihen,</strong></span> <span class='ocrx_word' id='word_1_373' title='bbox 437 3655 499 3720; x_wconf 90' lang='lat' dir='ltr'><strong>und</strong></span> <span class='ocrx_word' id='word_1_374' title='bbox 522 3655 648 3720; x_wconf 65' lang='lat' dir='ltr'><strong>dar-ausa</strong></span> <span class='ocrx_word' id='word_1_375' title='bbox 664 3654 745 3718; x_wconf 87' lang='lat' dir='ltr'><strong>Hcrr</strong></span> <span class='ocrx_word' id='word_1_376' title='bbox 757 3656 864 3719; x_wconf 82' lang='lat' dir='ltr'><strong>Fiscus</strong></span> <span class='ocrx_word' id='word_1_377' title='bbox 887 3657 935 3718; x_wconf 87' lang='lat' dir='ltr'><strong>die</strong></span> <span class='ocrx_word' id='word_1_378' title='bbox 952 3655 1117 3739; x_wconf 85' lang='lat' dir='ltr'><strong>belaidigte</strong></span> <span class='ocrx_word' id='word_1_379' title='bbox 1130 3657 1285 3740; x_wconf 80' lang='lat' dir='ltr'><strong>Mayestat</strong></span> <span class='ocrx_word' id='word_1_380' title='bbox 1309 3652 1562 3737; x_wconf 78' lang='lat' dir='ltr'><strong>erowiugenuill;</strong></span> 
     </span>
     <span class='ocr_line' id='line_1_38' title="bbox 221 3740 1562 3828; baseline -0.009 -15"><span class='ocrx_word' id='word_1_381' title='bbox 221 3748 436 3828; x_wconf 74' lang='lat' dir='ltr'><strong>herentpegem</strong></span> <span class='ocrx_word' id='word_1_382' title='bbox 460 3761 528 3807; x_wconf 85' lang='lat' dir='ltr'><strong>wau</strong></span> <span class='ocrx_word' id='word_1_383' title='bbox 551 3743 600 3807; x_wconf 88' lang='lat' dir='ltr'><strong>die</strong></span> <span class='ocrx_word' id='word_1_384' title='bbox 622 3743 732 3807; x_wconf 87' lang='lat' dir='ltr'><strong>darnue</strong></span> <span class='ocrx_word' id='word_1_385' title='bbox 755 3743 922 3826; x_wconf 81' lang='lat' dir='ltr'><strong>gehdrigen</strong></span> <span class='ocrx_word' id='word_1_386' title='bbox 944 3743 1136 3809; x_wconf 85' lang='lat' dir='ltr'><strong>adminicula</strong></span> <span class='ocrx_word' id='word_1_387' title='bbox 1159 3745 1354 3820; x_wconf 76' lang='lat' dir='ltr'><strong>varoombsm</strong></span> <span class='ocrx_word' id='word_1_388' title='bbox 1379 3740 1562 3806; x_wconf 90' lang='lat' dir='ltr'><strong>uemblichen</strong></span> 
     </span>
     <span class='ocr_line' id='line_1_39' title="bbox 223 3827 1564 3918; baseline -0.007 -18"><span class='ocrx_word' id='word_1_389' title='bbox 223 3837 293 3900; x_wconf 90' lang='lat' dir='ltr'><strong>dass</strong></span> <span class='ocrx_word' id='word_1_390' title='bbox 316 3835 364 3899; x_wconf 93' lang='lat' dir='ltr'><strong>ich</strong></span> <span class='ocrx_word' id='word_1_391' title='bbox 388 3833 506 3897; x_wconf 91' lang='lat' dir='ltr'><strong>solohes</strong></span> <span class='ocrx_word' id='word_1_392' title='bbox 530 3831 607 3895; x_wconf 91' lang='lat' dir='ltr'><strong>thuu</strong></span> <span class='ocrx_word' id='word_1_393' title='bbox 639 3836 798 3910; x_wconf 75' lang='lat' dir='ltr'><strong>mnaseas,</strong></span> <span class='ocrx_word' id='word_1_394' title='bbox 831 3831 942 3898; x_wconf 87' lang='lat' dir='ltr'><strong>dassen</strong></span> <span class='ocrx_word' id='word_1_395' title='bbox 965 3834 1114 3916; x_wconf 81' lang='lat' dir='ltr'><strong>meinung</strong></span> <span class='ocrx_word' id='word_1_396' title='bbox 1137 3851 1171 3897; x_wconf 92' lang='lat' dir='ltr'><strong>eo</strong></span> <span class='ocrx_word' id='word_1_397' title='bbox 1196 3834 1262 3915; x_wconf 89' lang='lat' dir='ltr'><strong>ipso</strong></span> <span class='ocrx_word' id='word_1_398' title='bbox 1285 3832 1351 3897; x_wconf 91' lang='lat' dir='ltr'><strong>null</strong></span> <span class='ocrx_word' id='word_1_399' title='bbox 1374 3830 1436 3918; x_wconf 80' lang='lat' dir='ltr'><strong>upd</strong></span> <span class='ocrx_word' id='word_1_400' title='bbox 1458 3827 1564 3909; x_wconf 82' lang='lat' dir='ltr'><strong>nichtig</strong></span> 
     </span>
     <span class='ocr_line' id='line_1_40' title="bbox 223 3918 631 4003; baseline -0.017 -15"><span class='ocrx_word' id='word_1_401' title='bbox 223 3923 284 3988; x_wconf 92' lang='lat' dir='ltr'><strong>und</strong></span> <span class='ocrx_word' id='word_1_402' title='bbox 307 3939 344 3987; x_wconf 85' lang='lat' dir='ltr'><strong>zu</strong></span> <span class='ocrx_word' id='word_1_403' title='bbox 368 3919 465 3986; x_wconf 89' lang='lat' dir='ltr'><strong>boden</strong></span> <span class='ocrx_word' id='word_1_404' title='bbox 489 3918 631 4003; x_wconf 85' lang='lat' dir='ltr'><strong>gefallen.</strong></span> 
     </span>
    </p>

    <p class='ocr_par' dir='ltr' id='par_1_6' title="bbox 221 4005 1561 4888">
     <span class='ocr_line' id='line_1_41' title="bbox 326 4005 1561 4094; baseline -0.006 -20"><span class='ocrx_word' id='word_1_405' title='bbox 326 4009 394 4074; x_wconf 90' lang='lat' dir='ltr'><strong>Hoc</strong></span> <span class='ocrx_word' id='word_1_406' title='bbox 416 4010 519 4091; x_wconf 89' lang='lat' dir='ltr'><strong>itaquo</strong></span> <span class='ocrx_word' id='word_1_407' title='bbox 545 4007 771 4089; x_wconf 89' lang='lat' dir='ltr'><strong>praesuposito‚</strong></span> <span class='ocrx_word' id='word_1_408' title='bbox 805 4027 871 4072; x_wconf 85' lang='lat' dir='ltr'><strong>wan</strong></span> <span class='ocrx_word' id='word_1_409' title='bbox 898 4025 988 4094; x_wconf 40' lang='lat' dir='ltr'><strong>verer,</strong></span> <span class='ocrx_word' id='word_1_410' title='bbox 1004 4009 1102 4072; x_wconf 89' lang='lat' dir='ltr'><strong>dieser</strong></span> <span class='ocrx_word' id='word_1_411' title='bbox 1125 4027 1219 4090; x_wconf 80' lang='lat' dir='ltr'><strong>gaure</strong></span> <span class='ocrx_word' id='word_1_412' title='bbox 1243 4008 1390 4090; x_wconf 83' lang='lat' dir='ltr'><strong>Zwispalt</strong></span> <span class='ocrx_word' id='word_1_413' title='bbox 1420 4007 1480 4071; x_wconf 91' lang='lat' dir='ltr'><strong>und</strong></span> <span class='ocrx_word' id='word_1_414' title='bbox 1502 4005 1561 4068; x_wconf 89' lang='lat' dir='ltr'><strong>des·</strong></span> 
     </span>
     <span class='ocr_line' id='line_1_42' title="bbox 222 4093 1561 4181; baseline -0.008 -16"><span class='ocrx_word' id='word_1_415' title='bbox 222 4117 276 4166; x_wconf 89' lang='lat' dir='ltr'><strong>scu</strong></span> <span class='ocrx_word' id='word_1_416' title='bbox 299 4099 460 4181; x_wconf 85' lang='lat' dir='ltr'><strong>Vrsprung</strong></span> <span class='ocrx_word' id='word_1_417' title='bbox 481 4096 536 4161; x_wconf 88' lang='lat' dir='ltr'><strong>der</strong></span> <span class='ocrx_word' id='word_1_418' title='bbox 559 4095 749 4160; x_wconf 86' lang='lat' dir='ltr'><strong>uormaintcn</strong></span> <span class='ocrx_word' id='word_1_419' title='bbox 771 4095 843 4160; x_wconf 87' lang='lat' dir='ltr'><strong>aber</strong></span> <span class='ocrx_word' id='word_1_420' title='bbox 866 4096 912 4160; x_wconf 92' lang='lat' dir='ltr'><strong>nit</strong></span> <span class='ocrx_word' id='word_1_421' title='bbox 934 4095 1089 4178; x_wconf 87' lang='lat' dir='ltr'><strong>probirten</strong></span> <span class='ocrx_word' id='word_1_422' title='bbox 1114 4096 1306 4180; x_wconf 86' lang='lat' dir='ltr'><strong>helaydigten</strong></span> <span class='ocrx_word' id='word_1_423' title='bbox 1320 4097 1401 4179; x_wconf 85' lang='lat' dir='ltr'><strong>May.</strong></span> <span class='ocrx_word' id='word_1_424' title='bbox 1422 4093 1561 4160; x_wconf 85' lang='lat' dir='ltr'><strong>hanbach-</strong></span> 
     </span>
     <span class='ocr_line' id='line_1_43' title="bbox 221 4183 1560 4266; baseline -0.007 -15"><span class='ocrx_word' id='word_1_425' title='bbox 221 4191 268 4253; x_wconf 88' lang='lat' dir='ltr'><strong>tet</strong></span> <span class='ocrx_word' id='word_1_426' title='bbox 288 4188 372 4263; x_wconf 84' lang='lat' dir='ltr'><strong>wind,</strong></span> <span class='ocrx_word' id='word_1_427' title='bbox 397 4186 515 4251; x_wconf 83' lang='lat' dir='ltr'><strong>befinds</strong></span> <span class='ocrx_word' id='word_1_428' title='bbox 538 4183 596 4263; x_wconf 84' lang='lat' dir='ltr'><strong>ich,</strong></span> <span class='ocrx_word' id='word_1_429' title='bbox 620 4183 691 4248; x_wconf 88' lang='lat' dir='ltr'><strong>dass</strong></span> <span class='ocrx_word' id='word_1_430' title='bbox 714 4183 816 4248; x_wconf 86' lang='lat' dir='ltr'><strong>selcha</strong></span> <span class='ocrx_word' id='word_1_431' title='bbox 829 4183 1038 4249; x_wconf 87' lang='lat' dir='ltr'><strong>uornemblich</strong></span> <span class='ocrx_word' id='word_1_432' title='bbox 1061 4203 1097 4249; x_wconf 88' lang='lat' dir='ltr'><strong>ex</strong></span> <span class='ocrx_word' id='word_1_433' title='bbox 1113 4190 1220 4266; x_wconf 88' lang='lat' dir='ltr'><strong>quator</strong></span> <span class='ocrx_word' id='word_1_434' title='bbox 1232 4185 1385 4266; x_wconf 86' lang='lat' dir='ltr'><strong>capitibus</strong></span> <span class='ocrx_word' id='word_1_435' title='bbox 1408 4183 1560 4248; x_wconf 77' lang='lat' dir='ltr'><strong>herruhre:</strong></span> 
     </span>
     <span class='ocr_line' id='line_1_44' title="bbox 222 4270 1560 4356; baseline -0.008 -15"><span class='ocrx_word' id='word_1_436' title='bbox 222 4275 350 4342; x_wconf 87' lang='lat' dir='ltr'><strong>Indame</strong></span> <span class='ocrx_word' id='word_1_437' title='bbox 380 4273 584 4350; x_wconf 88' lang='lat' dir='ltr'><strong>uemblichen,</strong></span> <span class='ocrx_word' id='word_1_438' title='bbox 618 4272 705 4346; x_wconf 80' lang='lat' dir='ltr'><strong>luno,</strong></span> <span class='ocrx_word' id='word_1_439' title='bbox 736 4271 787 4335; x_wconf 93' lang='lat' dir='ltr'><strong>ich</strong></span> <span class='ocrx_word' id='word_1_440' title='bbox 811 4270 881 4336; x_wconf 91' lang='lat' dir='ltr'><strong>dem</strong></span> <span class='ocrx_word' id='word_1_441' title='bbox 904 4271 1153 4338; x_wconf 75' lang='lat' dir='ltr'><strong>crass-smenon</strong></span> <span class='ocrx_word' id='word_1_442' title='bbox 1169 4272 1375 4356; x_wconf 64' lang='lat' dir='ltr'><strong>‘geschribem</strong></span> <span class='ocrx_word' id='word_1_443' title='bbox 1405 4271 1560 4336; x_wconf 84' lang='lat' dir='ltr'><strong>hernacher</strong></span> 
     </span>
     <span class='ocr_line' id='line_1_45' title="bbox 222 4359 1561 4445; baseline -0.009 -15"><span class='ocrx_word' id='word_1_444' title='bbox 222 4363 468 4445; x_wconf 82' lang='lat' dir='ltr'><strong>Buhouatschhy</strong></span> <span class='ocrx_word' id='word_1_445' title='bbox 501 4381 570 4426; x_wconf 86' lang='lat' dir='ltr'><strong>num</strong></span> <span class='ocrx_word' id='word_1_446' title='bbox 594 4359 827 4426; x_wconf 73' lang='lat' dir='ltr'><strong>Grec-Thrakes</strong></span> <span class='ocrx_word' id='word_1_447' title='bbox 851 4359 1049 4444; x_wconf 84' lang='lat' dir='ltr'><strong>geschickht;</strong></span> <span class='ocrx_word' id='word_1_448' title='bbox 1081 4361 1131 4438; x_wconf 79' lang='lat'><strong>20,</strong></span> <span class='ocrx_word' id='word_1_449' title='bbox 1157 4381 1212 4426; x_wconf 87' lang='lat' dir='ltr'><strong>von</strong></span> <span class='ocrx_word' id='word_1_450' title='bbox 1236 4361 1332 4426; x_wconf 90' lang='lat' dir='ltr'><strong>danen</strong></span> <span class='ocrx_word' id='word_1_451' title='bbox 1358 4360 1561 4442; x_wconf 83' lang='lat' dir='ltr'><strong>urnbligendcn</strong></span> 
     </span>
     <span class='ocr_line' id='line_1_46' title="bbox 222 4447 1561 4527; baseline -0.005 -11"><span class='ocrx_word' id='word_1_452' title='bbox 222 4453 417 4518; x_wconf 81' lang='lat' dir='ltr'><strong>turchischen</strong></span> <span class='ocrx_word' id='word_1_453' title='bbox 439 4449 601 4524; x_wconf 80' lang='lat' dir='ltr'><strong>Granizsu,</strong></span> <span class='ocrx_word' id='word_1_454' title='bbox 626 4449 673 4513; x_wconf 90' lang='lat' dir='ltr'><strong>als</strong></span> <span class='ocrx_word' id='word_1_455' title='bbox 690 4449 788 4513; x_wconf 84' lang='lat' dir='ltr'><strong>Bassa</strong></span> <span class='ocrx_word' id='word_1_456' title='bbox 811 4447 980 4526; x_wconf 87' lang='lat' dir='ltr'><strong>Busniensi‚</strong></span> <span class='ocrx_word' id='word_1_457' title='bbox 1004 4448 1174 4514; x_wconf 81' lang='lat' dir='ltr'><strong>Oanisieusi</strong></span> <span class='ocrx_word' id='word_1_458' title='bbox 1198 4453 1229 4513; x_wconf 88' lang='lat' dir='ltr'><strong>et</strong></span> <span class='ocrx_word' id='word_1_459' title='bbox 1253 4447 1397 4527; x_wconf 80' lang='lat' dir='ltr'><strong>Budsnsi,</strong></span> <span class='ocrx_word' id='word_1_460' title='bbox 1418 4447 1498 4514; x_wconf 86' lang='lat' dir='ltr'><strong>Hiiii</strong></span> <span class='ocrx_word' id='word_1_461' title='bbox 1517 4448 1561 4512; x_wconf 90' lang='lat' dir='ltr'><strong>he·</strong></span> 
     </span>
     <span class='ocr_line' id='line_1_47' title="bbox 221 4535 1559 4626; baseline -0.003 -20"><span class='ocrx_word' id='word_1_462' title='bbox 221 4542 331 4626; x_wconf 79' lang='lat' dir='ltr'><strong>gehrt3</strong></span> <span class='ocrx_word' id='word_1_463' title='bbox 355 4541 404 4616; x_wconf 87' lang='lat'><strong>30,</strong></span> <span class='ocrx_word' id='word_1_464' title='bbox 427 4541 496 4602; x_wconf 86' lang='lat' dir='ltr'><strong>dem</strong></span> <span class='ocrx_word' id='word_1_465' title='bbox 519 4537 780 4603; x_wconf 78' lang='lat' dir='ltr'><strong>Fdrstenltahozi</strong></span> <span class='ocrx_word' id='word_1_466' title='bbox 803 4555 872 4600; x_wconf 87' lang='lat' dir='ltr'><strong>zum</strong></span> <span class='ocrx_word' id='word_1_467' title='bbox 886 4535 1038 4600; x_wconf 78' lang='lat' dir='ltr'><strong>Auistcnd</strong></span> <span class='ocrx_word' id='word_1_468' title='bbox 1062 4535 1229 4609; x_wconf 58' lang='lat' dir='ltr'><strong>stimulum</strong></span> <span class='ocrx_word' id='word_1_469' title='bbox 1253 4537 1340 4601; x_wconf 88' lang='lat' dir='ltr'><strong>nicht</strong></span> <span class='ocrx_word' id='word_1_470' title='bbox 1357 4537 1500 4622; x_wconf 79' lang='lat' dir='ltr'><strong>wenigsr,</strong></span> <span class='ocrx_word' id='word_1_471' title='bbox 1520 4537 1559 4601; x_wconf 78' lang='lat' dir='ltr'><strong>do.</strong></span> 
     </span>
     <span class='ocr_line' id='line_1_48' title="bbox 224 4620 1561 4707; baseline -0.009 -13"><span class='ocrx_word' id='word_1_472' title='bbox 224 4632 283 4695; x_wconf 88' lang='lat' dir='ltr'><strong>mit</strong></span> <span class='ocrx_word' id='word_1_473' title='bbox 304 4631 373 4694; x_wconf 89' lang='lat' dir='ltr'><strong>dem</strong></span> <span class='ocrx_word' id='word_1_474' title='bbox 397 4627 615 4694; x_wconf 80' lang='lat' dir='ltr'><strong>serstorbeuen</strong></span> <span class='ocrx_word' id='word_1_475' title='bbox 637 4625 739 4690; x_wconf 87' lang='lat' dir='ltr'><strong>Herrn</strong></span> <span class='ocrx_word' id='word_1_476' title='bbox 762 4623 900 4707; x_wconf 86' lang='lat' dir='ltr'><strong>palatino</strong></span> <span class='ocrx_word' id='word_1_477' title='bbox 923 4624 1100 4707; x_wconf 86' lang='lat' dir='ltr'><strong>Huogariue</strong></span> <span class='ocrx_word' id='word_1_478' title='bbox 1119 4620 1561 4691; x_wconf 79' lang='lat' dir='ltr'><strong>Franciscchscheileniund</strong></span> 
     </span>
     <span class='ocr_line' id='line_1_49' title="bbox 222 4711 1561 4796; baseline -0.007 -15"><span class='ocrx_word' id='word_1_479' title='bbox 222 4719 386 4782; x_wconf 84' lang='lat' dir='ltr'><strong>Francisco</strong></span> <span class='ocrx_word' id='word_1_480' title='bbox 409 4714 540 4780; x_wconf 86' lang='lat' dir='ltr'><strong>Nadasti</strong></span> <span class='ocrx_word' id='word_1_481' title='bbox 575 4711 729 4796; x_wconf 88' lang='lat' dir='ltr'><strong>reciproce</strong></span> <span class='ocrx_word' id='word_1_482' title='bbox 751 4716 839 4793; x_wconf 82' lang='lat' dir='ltr'><strong>pacta</strong></span> <span class='ocrx_word' id='word_1_483' title='bbox 860 4715 894 4777; x_wconf 87' lang='lat' dir='ltr'><strong>et</strong></span> <span class='ocrx_word' id='word_1_484' title='bbox 915 4714 1031 4795; x_wconf 89' lang='lat' dir='ltr'><strong>pactita</strong></span> <span class='ocrx_word' id='word_1_485' title='bbox 1053 4713 1091 4778; x_wconf 92' lang='lat' dir='ltr'><strong>de</strong></span> <span class='ocrx_word' id='word_1_486' title='bbox 1113 4716 1219 4780; x_wconf 90' lang='lat' dir='ltr'><strong>mutuo</strong></span> <span class='ocrx_word' id='word_1_487' title='bbox 1241 4713 1359 4778; x_wconf 89' lang='lat' dir='ltr'><strong>auxilio</strong></span> <span class='ocrx_word' id='word_1_488' title='bbox 1381 4713 1469 4796; x_wconf 85' lang='lat' dir='ltr'><strong>regni</strong></span> <span class='ocrx_word' id='word_1_489' title='bbox 1490 4711 1561 4776; x_wconf 89' lang='lat' dir='ltr'><strong>Hun-</strong></span> 
     </span>
     <span class='ocr_line' id='line_1_50' title="bbox 224 4802 527 4888; baseline -0.017 -17"><span class='ocrx_word' id='word_1_490' title='bbox 224 4805 326 4888; x_wconf 84' lang='lat' dir='ltr'><strong>gutiae</strong></span> <span class='ocrx_word' id='word_1_491' title='bbox 347 4802 527 4886; x_wconf 84' lang='lat' dir='ltr'><strong>ausgcricht.</strong></span> 
     </span>
    </p>
   </div>
   <div class='ocr_carea' id='block_1_3' title="bbox 0 0 1629 5266">
    <p class='ocr_par' dir='ltr' id='par_1_7' title="bbox 0 0 1629 5266">
     <span class='ocr_line' id='line_1_51' title="bbox 0 0 1629 5266; baseline 0 0"><span class='ocrx_word' id='word_1_492' title='bbox 0 0 1629 5266; x_wconf 95' lang='lat' dir='ltr'><strong> </strong></span> 
     </span>
    </p>
   </div>
  </div>
 </body>
</html>
