3286 5260
1330 315 1397 390 tro

128 498 199 564 Und
227 499 287 564 mit
309 499 424 566 diesem
449 499 505 566 hat
527 517 600 566 man
624 501 679 567 Ine
701 501 893 567 aberrnallen
915 501 1091 568 dimittiert.
1117 503 1159 568 Es
1182 501 1226 568 ist
1248 502 1336 569 nicht
1360 522 1396 568 zu

37 585 225 652 hemhreiben
250 587 307 653 vvie
331 589 463 655 cribet
493 588 574 653 disse
605 587 713 674 fragen
746 607 779 655 so
810 590 1009 673 beaugstiget
1042 590 1186 670 wordteu,
1221 592 1283 656 und
1317 609 1397 656 zvar

38 675 215 758 dergestalt,
245 675 318 740 dass
350 694 383 740 er
406 676 502 741 etlich
524 673 641 742 mallen
664 679 784 762 gesagt,
810 698 843 742 er
865 677 981 761 glaube
1013 678 1108 755 nicht,
1142 679 1213 744 dass
1247 679 1324 746 Gott
1356 697 1395 744 an

35 762 83 826 den
102 763 250 846 jvingsteu
274 763 344 847 Tag
367 781 400 829 so
424 763 540 829 scharff
559 765 740 848 sussfragen
772 768 906 844 vverdte3
938 785 971 830 er
1003 767 1074 831 hoie
1102 767 1169 830 Ime
1201 767 1267 832 sein
1291 767 1395 832 Lehen

37 848 99 933 hug
120 850 210 916 nicht
233 851 446 934 eingebildtet,
470 850 541 917 dass
564 871 597 916 er
621 854 695 918 umb
726 854 809 918 seins
832 853 937 921 Reden
968 855 1047 919 solte
1078 853 1143 920 also
1167 855 1395 921 Rechonschaft

36 937 122 1020 geben
146 944 300 1005 musssen.
328 975 366 986 -
392 939 483 1006 Wieu
509 939 551 1004 24
573 940 651 1008 Julii
681 940 772 1006 1670.

69 1029 143 1092 aaa.

34 1225 117 1296 1670,
139 1227 185 1286 24
208 1227 325 1302 erpaja.
350 1225 421 1288 neo.
444 1227 631 1288 Predslcolco
652 1118 913 1301 effgssscnonbom,
931 1221 1074 1302 predata
1097 1227 1220 1287 Patrem
1241 1226 1395 1287 Zriusioim
1459 1243 1461 1248 ·

273 1315 331 1374 leod
353 1315 486 1390 drupcpo
506 1315 712 1389 priesiusonja
733 1315 896 1374 toncclcra
919 1316 982 1375 bar.
1005 1315 1152 1375 Hocbcru.

124 1417 150 1480 Ι.
177 1413 399 1483 Sacratissima
421 1436 564 1484 caesarea
587 1419 619 1482 et
641 1416 726 1500 regia
748 1416 915 1499 majestas!
939 1416 1071 1481 Domine
1101 1416 1224 1482 domiue
1257 1417 1394 1481 clemen-

29 1499 160 1569 tissime!
177 1503 325 1584 Quamvis
341 1504 401 1571 huc
425 1507 572 1583 venerim,
589 1524 650 1570 nun
670 1507 706 1569 ut
724 1523 774 1569 me
789 1504 992 1590 justificarem
1009 1506 1064 1569 aut
1079 1503 1148 1586 jure
1161 1503 1389 1582 contenderem,

30 1591 74 1653 sed
95 1597 206 1673 sponte
229 1591 362 1676 fugerim
387 1592 425 1657 ad
449 1593 646 1659 clementiam
670 1595 792 1658 vestrae
822 1593 933 1674 mattis
965 1595 1122 1657 caesareae
1157 1593 1392 1676 gratiosissimis

26 1674 115 1743 literis
140 1682 174 1744 et
197 1682 367 1761 promissis,
393 1683 459 1746 tam
484 1682 592 1746 mattis
615 1683 736 1748 vestrae
757 1699 835 1745 sacr.
862 1699 954 1764 quam
994 1679 1208 1746 ministrorum
1243 1698 1393 1746 suorum:

28 1765 221 1832 nihilominus
255 1768 325 1833 dodi
346 1769 601 1852 justificationem
625 1788 735 1841 meam,
760 1787 855 1851 quam
873 1767 1009 1852 judicavi
1032 1787 1135 1833 coram
1161 1769 1316 1834 Decesse
1341 1787 1395 1834 ve·

28 1871 95 1917 ram.
120 1856 253 1938 Insuper
270 1857 348 1922 meis
364 1857 479 1923 litteris
495 1858 633 1941 impense
652 1857 800 1933 iuveram,
815 1859 849 1921 ut
863 1857 1038 1938 sopirentur
1054 1855 1210 1920 tumultus
1234 1853 1392 1939 Ungarici.

27 1939 135 2006 Videns
154 1945 257 2026 tamen
275 1963 377 2010 meam
394 1963 518 2009 cansam
541 1947 574 2009 in
597 1947 661 2010 dies
685 1946 807 2026 praeter
830 1963 916 2026 spem
938 1945 1168 2027 procrastinsri,
1200 1945 1238 2008 oh
1261 1962 1311 2008 res
1334 1943 1395 2006 ali·

27 2046 96 2110 quas
109 2031 317 2096 accidentales
333 2034 420 2098 extra
432 2032 641 2098 substantiam
653 2032 737 2110 facti,
757 2050 931 2115 eorumque,
953 2032 1007 2115 qui
1022 2031 1227 2096 hostilitatem
1252 2049 1394 2094 exercue-

27 2121 102 2194 runt,
119 2119 186 2182 iam
204 2137 271 2185 esse
287 2139 335 2185 res
351 2121 471 2205 integro
488 2122 675 2204 compositas
694 2122 726 2186 et
741 2121 936 2198 condonatas,
947 2137 996 2184 me
1014 2120 1045 2184 et
1060 2117 1179 2184 familia
1197 2117 1396 2201 praetermis·

27 2204 128 2288 eisqui
153 2209 309 2271 constanti
333 2211 365 2272 et
387 2208 509 2274 illibata
531 2210 591 2273 fide
615 2210 651 2273 ad
675 2209 749 2272 haec
769 2227 864 2289 usque
888 2209 1029 2291 tempora
1051 2207 1269 2272 inservivimus
1297 2224 1395 2289 augn-

24 2292 176 2358 stissimae
189 2293 294 2359 domui
312 2297 443 2363 vestrae.
457 2296 582 2379 Suplico
595 2295 770 2361 humillime
784 2295 876 2359 matti
893 2297 1024 2372 vestrae,
1039 2297 1073 2360 nt
1086 2296 1212 2358 tandem
1226 2295 1304 2358 meis
1317 2293 1393 2358 mis·

26 2380 107 2445 seriis
131 2383 166 2446 et
185 2383 418 2450 calamitatibus
443 2385 612 2461 moveatur,
637 2401 746 2466 meque
770 2401 856 2448 meae
872 2383 1021 2465 pristinae
1036 2384 1109 2448 sorti
1146 2383 1310 2446 restituere
1347 2381 1395 2444 di-

24 2471 146 2547 gustum
162 2470 299 2535 alienum
317 2473 398 2535 enim
416 2476 464 2536 est
477 2491 597 2553 semper
612 2471 739 2536 inclitae
754 2470 860 2535 domui
877 2470 1050 2536 austriacas
1066 2469 1202 2534 familias
1212 2469 1395 2551 conspicuas

22 2557 203 2634 promeritas
219 2559 400 2638 annihilare,
417 2560 595 2624 innocentes
617 2562 648 2623 et
680 2577 787 2641 pueros
810 2558 995 2641 opprimere,
1019 2558 1125 2640 poenis
1149 2558 1303 2640 plectere;
1331 2555 1396 2620 iam

23 2645 149 2723 quartum
171 2645 275 2728 agitur
298 2647 424 2725 mensis,
449 2647 501 2711 ubi
525 2646 609 2712 filius
634 2665 730 2724 meus,
752 2648 885 2729 tempus,
915 2646 1023 2711 florem
1043 2645 1156 2710 aetatis
1181 2645 1213 2710 et
1234 2643 1340 2710 studia
1363 2643 1395 2708 in

23 2728 76 2795 hac
99 2733 282 2815 captivitate
304 2734 416 2817 perdit,
441 2735 579 2819 mihique
603 2752 662 2799 non
687 2734 787 2799 solum
809 2733 919 2798 solatio
950 2752 1010 2799 non
1041 2736 1098 2806 est,
1130 2733 1183 2798 sed
1216 2732 1393 2798 maestitiae

23 2819 52 2880 et
72 2820 288 2900 amaritudini,
315 2840 350 2887 eo
376 2823 424 2888 vel
446 2823 592 2902 maxime,
613 2821 693 2904 quod
716 2840 837 2903 semper
859 2821 888 2886 ei
911 2822 943 2886 iu
966 2821 1154 2887 calumniam
1178 2820 1310 2903 objicere
1333 2837 1390 2903 po·

22 2903 92 2971 terit
115 2927 187 2973 eum
210 2907 311 2975 adhuc
326 2910 358 2974 in
384 2909 477 2976 viridi
511 2911 592 2975 inter
615 2927 682 2975 reos
716 2910 749 2974 et
771 2909 908 2991 captivos
932 2914 1170 2974 annumeratum
1204 2908 1309 2986 fuisse,
1332 2907 1391 2972 snb

20 2992 120 3073 jndice
145 2996 242 3060 etiam
265 2996 520 3063 clementissimo.
544 2996 641 3078 Quem
675 2996 750 3061 dens
786 2998 955 3074 conservet,
991 2998 1027 3062 ut
1049 2999 1138 3078 optat
1161 2997 1389 3062 sacratissimae

24 3081 132 3146 blattis
157 3087 278 3149 vestrae
301 3084 498 3150 humillimus
521 3087 553 3148 et
576 3085 676 3150 fidelis
699 3084 837 3149 vasallus
861 3082 893 3149 G.
919 3083 987 3149 Pet.
1012 3103 1029 3150 a
1052 3084 1160 3150 Zrinii.

144 3171 186 3234 Il.
231 3173 324 3237 Dicta
357 3172 617 3237 excellentissimo
653 3172 742 3237 aulae
787 3171 980 3237 cancellario.
1024 3171 1293 3238 Excellentissime
1333 3171 1395 3234 Do-

25 3255 126 3322 mine!
149 3259 352 3324 Recordando
387 3259 522 3325 nominis
552 3262 585 3324 et
614 3260 738 3324 honoris
769 3260 908 3324 familiae
941 3278 1026 3324 meae
1062 3279 1134 3342 prae
1169 3259 1327 3323 maestitia
1361 3259 1393 3321 et

21 3345 121 3410 dolore
146 3347 197 3410 rix
220 3366 256 3412 ea
279 3347 413 3430 proferre
437 3347 533 3424 valeo,
556 3365 633 3430 quae
656 3349 798 3412 oretenus
823 3345 960 3430 proferre
995 3347 1151 3413 deberem.
1175 3346 1305 3412 Fuimus
1329 3345 1394 3408 ete-

19 3432 81 3496 uim
104 3453 229 3516 semper
252 3435 345 3500 decus
368 3437 497 3517 patriae,
522 3438 620 3500 terror
643 3434 824 3512 Turcarum,
845 3437 1002 3499 testantur
1026 3435 1171 3516 trophaea
1194 3453 1212 3498 a
1235 3435 1284 3498 inc
1319 3450 1398 3526 surae¹

17 3521 177 3586 maiestati
211 3521 314 3588 oblata
336 3541 372 3589 ac
405 3524 619 3606 praesentata;
644 3522 717 3604 quid
740 3541 790 3587 me
824 3522 941 3589 adhoc
972 3521 1131 3604 impellere
1165 3521 1301 3597 deberet,
1334 3520 1393 3588 tali

18 3610 142 3674 nomine
165 3610 364 3676 infidelitatis
388 3628 591 3692 conspurcare
612 3609 774 3675 florentem
798 3607 937 3674 familiae
963 3628 1049 3674 meae
1071 3610 1230 3687 honorem,
1250 3608 1389 3673 habendo

18 3700 62 3759 tot
85 3697 255 3780 principes,
277 3700 357 3762 viros
377 3717 515 3780 magum,
539 3716 627 3780 reges
650 3699 742 3779 ipsos,
767 3697 916 3780 sanguine
941 3699 1072 3772 iunctos,
1097 3697 1153 3761 hos
1178 3699 1304 3778 inquam
1328 3694 1392 3762 fac·

15 3783 52 3848 do
74 3785 236 3850 abtrociae
259 3786 435 3851 detestabili
459 3786 581 3850 nomine
603 3786 812 3850 contaminare
834 3804 889 3850 cur
911 3785 1075 3850 deberem?
1098 3783 1172 3851 Vidi
1189 3784 1304 3850 etenim
1328 3783 1391 3848 cle·

15 3873 206 3937 mentissimi
230 3875 292 3939 mei
313 3874 432 3939 domini
467 3889 539 3956 erga
563 3893 664 3938 meam
686 3872 839 3937 familiam
862 3891 1045 3955 propensum
1082 3891 1204 3954 semper
1238 3889 1387 3949 amorem,

15 3978 73 4024 uon
97 3959 146 4024 lui
169 3961 307 4038 adactus,
330 3962 378 4026 vel
401 3981 420 4026 a
440 3961 529 4024 tanta
543 3961 667 4026 miseria
679 3965 733 4024 ant
764 3963 958 4043 paupertate,
991 3963 1027 4026 ut
1047 3958 1272 4044 desperationis
1296 3975 1389 4024 causa

12 4050 49 4112 ad
72 4047 157 4113 talia
179 4067 229 4112 me
252 4049 514 4131 praecipitassem,
539 4049 597 4112 etsi
621 4047 868 4132 promotionibus
890 4049 1077 4131 praeteritus
1098 4067 1177 4122 sum.
1202 4047 1260 4114 etsi
1287 4048 1386 4111 totam

15 4155 118 4202 meam
146 4137 355 4202 substantiam
390 4139 422 4201 iu
446 4136 652 4202 defensionem
676 4137 801 4201 Patriae
824 4137 855 4200 et
879 4137 1005 4202 servitia
1027 4155 1103 4202 suae
1121 4135 1296 4202 maiestatis
1319 4151 1391 4199 con-

13 4225 100 4302 verti,
127 4223 174 4288 fui
198 4225 302 4290 tamen
326 4225 408 4290 inter
432 4243 519 4306 pares
536 4243 620 4288 meos
636 4225 754 4306 primus
775 4225 806 4287 st
820 4224 933 4289 honore
956 4227 987 4289 et
1009 4223 1180 4320 dignitate3
1203 4221 1285 4306 apud
1306 4221 1392 4304 ipsos

11 4313 129 4378 {furcas
148 4310 390 4377 infamissimum
413 4330 525 4377 nomen
548 4312 626 4376 mihi
649 4331 876 4394 procurassem3
899 4331 999 4377 nonne
1021 4313 1069 4376 tot
1092 4311 1305 4394 experientius.
1333 4309 1391 4374 fal-

8 4401 138 4466 sitatem
165 4399 364 4482 tyrannidem
388 4401 574 4465 turcicarum
597 4400 670 4484 legi,
694 4400 757 4464 vidi
780 4401 812 4463 et
835 4400 868 4464 in
891 4400 957 4464 dies
981 4395 1108 4465 audivi?
1138 4399 1270 4466 nonest
1294 4397 1387 4476 natio,

10 4507 71 4552 non
96 4489 149 4552 cst
172 4506 257 4570 gons,
282 4506 342 4552 nou
365 4489 414 4554 est
436 4505 577 4571 reguum,
602 4489 653 4569 qui
677 4507 738 4552 non
760 4487 941 4552 aversantur
964 4489 996 4552 et
1019 4487 1179 4568 deplorant
1214 4486 1328 4570 jugum
1351 4484 1391 4550 il·

8 4575 123 4650 lorum,
149 4593 207 4639 cnr
229 4592 302 4658 ergo
325 4594 381 4658 ego
403 4575 437 4640 in
461 4593 529 4640 mea
550 4577 674 4640 senecta
696 4577 841 4658 appetere
870 4575 1034 4640 deberem?
1058 4576 1089 4638 et
1111 4575 1160 4639 cui
1183 4573 1262 4639 lini?
1295 4571 1386 4639 Certe

7 4664 86 4728 mihi
112 4660 176 4744 ipsi
199 4663 387 4728 sententiam
412 4664 552 4729 declaro:
576 4665 690 4729 merito
712 4665 837 4746 propter
860 4663 936 4729 talia
958 4662 1074 4728 scelera
1106 4661 1213 4745 poenis
1246 4662 1390 4728 attrocis-

7 4753 98 4817 simis
124 4750 283 4824 mulctari
295 4750 448 4817 deberem.
1298 4779 1299 4782 ¹
