3306 5252
1329 317 1395 386 233

45 499 230 566 Econverso
252 501 353 567 'Parca
375 521 430 586 pro
450 501 611 583 infallibili
642 522 746 580 rerum
782 503 998 569 effectuatione
1031 521 1067 572 ac
1091 521 1213 568 snorum
1237 519 1394 568 armorum

40 590 210 663 securitate;
239 591 266 654 l.
290 589 330 653 ad
353 589 429 656 duos
453 609 548 656 annos
567 591 628 656 sibi
656 592 754 657 filium
787 591 913 656 unicum
948 591 1032 658 mitti
1056 591 1182 656 onrnino
1206 591 1393 673 expostulat.

40 675 73 738 20
93 673 230 744 Confinia
253 678 374 743 deserta
396 680 429 742 et
451 697 511 742 non
536 679 680 744 habitata
703 679 785 744 inter
807 680 914 744 nostra
939 681 973 744 et
995 697 1051 744 sua
1073 679 1227 761 praesidia
1250 698 1306 762 per
1329 699 1394 744 me·

40 761 189 842 dietatem,
214 783 251 829 oc
274 764 473 852 inaequales
506 766 683 832 dividantur
716 766 881 848 portiones.
916 766 955 830 3⁰
977 765 1125 832 Germani
1146 767 1262 831 milites
1286 767 1396 831 imme-

40 850 113 914 diate
138 871 154 918 e
177 853 318 918 confiniis
342 853 513 938 ejiciantur,
539 854 587 919 vel
612 873 682 919 vero
695 853 863 918 dictionem
883 854 1018 936 aliquam
1042 871 1215 918 caesaream
1241 854 1396 920 hostiliter

41 938 194 1022 impetant,
218 941 254 1004 ut
276 941 392 1006 rabiem
418 941 642 1006 Germanorum
680 942 710 1006 in
742 959 798 1006 nos
829 943 1027 1020 concitemus,
1052 940 1106 1006 ille
1129 941 1259 1006 subinde
1283 943 1397 1024 spetio-

39 1043 97 1090 sum
120 1027 236 1091 haheat
259 1030 452 1120 praetextum
476 1048 532 1094 sua
554 1048 640 1094 arma
654 1031 692 1094 ad
706 1033 853 1106 nostram,
876 1031 1024 1112 tanquam
1041 1028 1099 1094 sihi
1116 1029 1307 1106 devotorum,
1325 1046 1397 1093 con-

41 1114 170 1180 vertendi
191 1113 411 1194 defensionem,
437 1133 508 1181 cum
532 1117 610 1182 alias
634 1117 671 1181 de
701 1117 766 1182 iure
798 1119 830 1180 et
853 1117 922 1202 lege
945 1135 1051 1200 pacem
1075 1134 1145 1182 cum
1168 1118 1273 1182 vestra
1295 1134 1397 1182 sacra·

40 1201 156 1268 tissima
179 1203 343 1270 maiestate
367 1204 504 1268 violandi
528 1222 651 1269 eausam
678 1204 882 1270 sufficientem
906 1222 967 1268 non
987 1204 1079 1270 videt.

134 1291 309 1356 intellectis
332 1293 364 1356 et
386 1292 463 1356 hene
487 1292 690 1357 consideratis
713 1293 761 1356 his
790 1291 943 1370 omnihus,
968 1289 1104 1374 quaesivi
1129 1311 1145 1355 e
1170 1293 1283 1357 comite
1307 1291 1396 1371 hano,

40 1379 196 1458 quomodo,
229 1377 326 1444 invito
355 1379 431 1461 ipso,
455 1398 548 1444 ausos
577 1381 672 1445 fuerit
701 1380 902 1464 Buhovatshy
932 1380 1098 1444 materiam
1123 1381 1188 1443 tam
1212 1379 1342 1444 arduam
1366 1384 1398 1443 et

38 1465 255 1546 importantem
279 1466 495 1546 determinare,
520 1469 553 1531 et
574 1467 722 1550 quidnam
746 1471 853 1550 expost
875 1469 955 1532 facto
971 1467 1153 1532 intentionis
1170 1468 1286 1532 haheat
1301 1468 1397 1532 resol-

41 1553 149 1618 vendi?
173 1554 286 1638 Resp.:
311 1554 513 1638 Buhovatnlxv
537 1557 573 1619 ad
605 1555 680 1620 haec
709 1555 944 1622 instructionem
968 1572 1028 1620 nou
1052 1555 1172 1633 hahuit,
1197 1555 1250 1620 sed
1275 1555 1397 1638 putavit

37 1659 96 1704 rem
120 1641 201 1706 mihi
224 1661 345 1707 summe
360 1644 484 1726 gratam
501 1645 533 1708 et
550 1643 667 1724 patriae
691 1643 858 1725 proficuam
882 1644 1074 1719 construere3
1099 1643 1148 1707 cui
1173 1661 1239 1725 ego,
1260 1647 1343 1708 certe
1367 1644 1399 1708 et

35 1730 225 1794 sacrosancte
243 1731 325 1816 juro,
350 1730 435 1795 nullo
458 1729 549 1795 modo
572 1731 744 1796 consentire
768 1731 848 1808 volo,
881 1732 1021 1796 attamen
1051 1748 1121 1796 cum
1144 1734 1264 1795 setam
1289 1750 1398 1814 oppor-

38 1817 108 1880 tuna
132 1817 381 1899 praesentaverit
401 1821 530 1896 occasio,
555 1818 667 1884 vellem
687 1819 834 1884 terrorem
860 1818 995 1901 aliquem
1013 1819 1149 1887 incutere
1165 1817 1339 1897 Germanis,
1364 1821 1400 1883 nt

39 1904 186 1986 siquidem
210 1905 299 1970 honis
323 1908 355 1968 et
377 1906 521 1971 fidelibus
551 1906 687 1972 servitiis
716 1907 835 1971 nullam
863 1906 1020 1989 possimus
1045 1906 1212 1988 promereri
1232 1905 1399 1989 promotio·

37 2009 114 2066 nem,
141 2011 248 2058 vemm
271 1993 482 2059 consumimus
514 1994 703 2060 substantias
734 1998 854 2060 nostras
879 1996 911 2058 et
933 1995 1014 2058 vitas
1037 1993 1184 2076 periculis
1208 1993 1398 2076 exponimus,

34 2079 151 2144 fructus
183 2083 290 2145 antem
317 2081 388 2145 inde
411 2081 511 2146 nullos
542 2081 740 2165 percipimus,
772 2084 824 2147 sed
857 2082 991 2147 extranei
1027 2081 1137 2147 falcem
1166 2099 1254 2146 suam
1282 2081 1315 2146 in
1345 2099 1399 2146 no·

33 2167 126 2232 stram
157 2167 333 2233 immiscent
363 2187 506 2247 messem,
538 2169 616 2234 forte
650 2189 719 2252 per.
735 2169 830 2234 talem
861 2189 964 2235 rerum
989 2169 1237 2236 convolutionem
1264 2188 1298 2234 eo
1324 2167 1399 2234 faci·

32 2253 90 2318 lius
125 2257 249 2339 assequi
284 2256 467 2322 valebimus.
502 2258 574 2321 Ideo
609 2259 644 2322 nt
677 2256 801 2322 domino
832 2256 921 2322 fratri
956 2256 1063 2333 fatear,
1098 2257 1200 2339 cogito
1232 2257 1399 2340 impresam

32 2341 329 2425 aliquamtentare,
365 2362 434 2409 cum
470 2344 692 2428 expugnatione
724 2345 813 2410 unius
844 2345 892 2409 vel
926 2344 1055 2410 alterius
1085 2344 1153 2416 loci,
1188 2345 1223 2408 ut
1245 2345 1400 2408 tumultus

31 2433 168 2514 exurgat,
193 2433 226 2494 et
250 2431 378 2497 serietas
406 2433 510 2515 aliqua
537 2433 693 2514 appareat.
728 2433 942 2510 Postmodum,
975 2451 1068 2515 quam
1091 2431 1225 2514 primum
1247 2431 1400 2496 fuerimus

31 2518 172 2600 requisiti
196 2520 236 2583 ad
259 2518 486 2602 paciscendum,
520 2521 588 2585 turn
616 2519 846 2601 promptissime
869 2538 1048 2597 annuemus,
1078 2538 1132 2602 per
1155 2520 1233 2601 quod
1256 2537 1310 2583 sua
1331 2537 1400 2583 cae·

32 2623 119 2669 sares
143 2608 279 2670 maestas
303 2608 334 2671 et
357 2609 422 2671 tota
457 2605 665 2672 christianitas
695 2607 867 2672 clarissimo
898 2626 1079 2690 cognoscere
1109 2607 1230 2689 poterit,
1264 2624 1318 2670 nos
1347 2624 1401 2688 po·

29 2692 125 2758 tuisse
149 2693 273 2777 quidem
306 2713 366 2759 non
387 2697 491 2759 autem
516 2695 650 2759 voluisse
683 2692 836 2759 mediante
868 2697 1038 2760 Turcarum
1073 2694 1211 2777 potentia
1234 2711 1399 2774 procurare

29 2781 118 2846 nobis
138 2781 269 2846 honores
288 2785 320 2846 et
343 2783 511 2865 dignitates
537 2783 696 2857 maximas,
728 2783 780 2846 sad
813 2784 912 2865 potius
944 2784 1117 2848 contentari
1142 2783 1279 2848 minimis
1302 2781 1398 2846 etiarn

29 2870 284 2952 promotionibus,
309 2871 341 2936 et
371 2870 545 2936 nullatenus
575 2871 696 2934 deviare
727 2888 745 2934 a
777 2871 936 2936 devotione
968 2871 1206 2936 christianitatis
1233 2889 1268 2934 ac
1292 2868 1398 2934 debita

29 2976 103 3042 erga
141 2957 397 3041 augustissimam
435 2959 560 3022 domum
596 2956 756 3022 fidelitate.
797 2957 846 3022 Ad
885 2959 961 3022 haec
998 2957 1158 3039 subjunxi:
1201 2957 1277 3022 mihi
1313 2957 1398 3021 nullo

29 3046 121 3109 modo
155 3046 331 3111 consultum
357 3045 452 3112 videri
483 3047 620 3110 animum
645 3046 678 3110 et
699 3063 787 3126 posse
808 3049 948 3111 nostrum
973 3046 1030 3110 tali
1052 3047 1262 3110 demonstrare
1287 3047 1395 3123 forins,

29 3151 99 3197 nam
125 3133 316 3216 periculosos
338 3134 503 3198 sortiemur
529 3134 665 3197 effectus.
698 3132 812 3211 Primo,
842 3134 911 3198 odia
935 3137 966 3198 et
995 3151 1136 3199 rancores
1161 3134 1298 3198 omnium
1324 3132 1400 3197 Ger·

30 3239 193 3286 manorum
228 3218 436 3286 infallibiliter
472 3221 504 3284 in
542 3239 596 3288 nos
636 3220 868 3286 concitabimus.
905 3221 943 3285 2⁰
981 3221 1014 3288 Si
1057 3222 1153 3286 armis
1191 3222 1223 3285 et
1254 3221 1302 3284 via
1324 3219 1400 3284 facti

28 3308 262 3392 impetierimus
286 3309 435 3373 ditionem
459 3309 696 3391 augustissimae
722 3309 839 3386 domus,
864 3308 932 3391 jure
955 3309 1066 3374 merito
1089 3307 1170 3390 apud
1194 3324 1280 3372 suam
1298 3325 1401 3370 caesa-

30 3417 114 3461 ream
139 3398 336 3462 maiestatem
360 3396 391 3460 in
410 3395 657 3460 irremissibilem
681 3395 853 3462 incidemus
877 3396 1121 3480 indignationem
1146 3395 1178 3460 et
1203 3394 1399 3478 disgratiam.

29 3484 67 3548 30
89 3485 118 3550 si
142 3484 201 3549 soli
225 3501 284 3549 non
304 3483 515 3548 suffecerimus
538 3485 570 3548 et
586 3483 739 3548 turcicum
765 3483 938 3548 subsidium
961 3485 1102 3547 inuocare
1121 3481 1275 3548 fuerimus
1293 3481 1398 3557 coacti,

29 3590 87 3654 qno
112 3572 239 3640 obtento
263 3572 384 3636 nullum
417 3570 549 3653 amplius
581 3571 764 3635 haberemus
793 3589 978 3654 regressum,
1006 3568 1060 3634 sed
1088 3569 1229 3634 nolentes
1261 3571 1399 3634 volentes

29 3660 160 3725 immani
189 3677 244 3724 suo
273 3659 358 3742 jugo,
391 3660 456 3724 sine
491 3659 556 3723 ulls
585 3658 752 3723 securitate
777 3657 898 3722 futurae
928 3656 1167 3740 permansionis,
1201 3659 1400 3723 succumbere

29 3749 208 3812 tenebimur
228 3749 259 3812 et
283 3746 422 3830 perpetui
446 3745 544 3829 ipsius
575 3744 671 3811 sclavi
696 3764 731 3810 ac
765 3746 904 3812 omnium
938 3744 1147 3828 abjectissimi
1175 3745 1400 3824 deveniremus,

30 3837 78 3898 cui
103 3835 284 3900 infelicitati
307 3838 338 3898 et
362 3834 504 3899 miseriae
529 3852 584 3916 pro
608 3834 695 3916 parte
721 3851 790 3898 mea
814 3851 970 3915 nunquam
1002 3831 1202 3898 consentiam.
1236 3829 1401 3896 Nihilomi-

27 3941 83 3988 nus
110 3926 146 3992 ut
169 3923 240 3988 sula
263 3940 404 3988 caesarea
428 3921 592 3992 imminens
617 3940 705 3986 suum
732 3921 906 4002 periculum
931 3939 949 3985 a
973 3921 1082 3986 'furcis
1109 3920 1166 3985 suh
1183 3921 1294 3985 fiducia
1315 3919 1400 4001 pacis

27 4011 169 4076 dolosam
194 4008 468 4084 defraudationem,
493 4027 511 4072 a
535 4009 621 4074 nobis
645 4027 716 4074 vero
740 4009 970 4074 immutabilem
994 4009 1179 4076 fidelitatem
1203 4007 1401 4089 comprehen-

27 4097 113 4176 dere,
139 4117 156 4163 e
179 4118 214 4163 er
238 4097 287 4162 his
310 4098 520 4163 constantiam
544 4099 682 4162 nostram
714 4094 961 4162 clementissima
989 4096 1181 4180 benignitate
1200 4113 1400 4178 compensare

26 4187 145 4263 valeat,
170 4187 264 4254 istum
288 4185 499 4249 existimarem
531 4184 672 4257 modum;
708 4203 818 4267 nempe
850 4183 1022 4249 intimando
1052 4205 1107 4266 per
1140 4184 1273 4266 potiores
1297 4184 1401 4264 partes

25 4273 118 4358 regni
139 4271 399 4356 gratiosissimam
423 4271 590 4338 ‘furcarum
615 4271 846 4350 exhibitionem,
873 4275 1012 4338 nostram
1032 4272 1127 4336 etiam
1145 4274 1285 4352 paratam
1302 4270 1400 4335 eidem

26 4361 243 4439 annuentiam,
268 4379 303 4424 ex
327 4359 377 4423 his
400 4359 591 4425 novitatibus
613 4359 834 4442 undequaque
866 4377 969 4424 rumor
991 4360 1140 4443 insurget,
1173 4363 1204 4423 et
1227 4359 1293 4422 sine
1314 4375 1402 4422 mora

25 4451 63 4513 ad
90 4450 194 4517 status
217 4464 398 4530 graecenses
422 4449 591 4530 perueniat,
614 4447 738 4510 interim
763 4449 884 4529 oportet
907 4447 1002 4512 etiam
1026 4466 1080 4529 per
1096 4445 1222 4511 tertiam
1240 4463 1401 4527 personam

27 4537 176 4619 episcopo
199 4535 402 4620 Zagrahiensi
425 4534 596 4618 proximam
622 4534 830 4600 confusionem
855 4537 887 4598 et
912 4535 1030 4600 instans
1047 4533 1202 4598 insinuare
1217 4533 1400 4616 periculum,

25 4643 90 4707 quo
117 4624 341 4707 perpenderato
366 4622 431 4686 sine
455 4622 604 4702 temporis
627 4622 862 4703 interpositione
885 4621 924 4686 ad
942 4621 1073 4687 dandam
1090 4621 1234 4688 notitiam
1248 4621 1400 4686 Viennam

23 4711 221 4796 properabit,
245 4709 373 4774 mndem
396 4711 480 4776 omni
503 4709 609 4794 procul
632 4708 729 4774 dubio
753 4709 801 4774 vel
825 4728 861 4774 ex
884 4709 956 4775 aula
979 4709 1026 4775 vel
1041 4708 1172 4776 Graecia
1193 4707 1402 4792 postulabitur
