3296 5276
246 344 311 438 444

175 599 177 606 .
246 551 355 618 6444614
386 550 476 616 41444
511 547 678 634 sexaginta.
710 546 762 613 36.
787 547 823 613 In
851 547 969 614 duabus
999 547 1161 631 particulis
1193 569 1229 616 ex
1261 549 1352 616 rubro
1384 549 1477 635 bysso
1506 548 1592 614 ulnae

246 641 325 707 6444
348 641 380 705 46
402 635 530 703 mediae.
562 637 614 702 31.
638 637 717 702 Item
737 654 772 702 ex
803 635 894 701 414161
926 636 1017 722 bysso
1051 635 1141 703 ulnae
1171 639 1313 720 quartale
1341 657 1437 703 unum
1460 656 1529 703 cum
1552 637 1595 701 di·

247 730 349 794 midio.
373 727 419 792 Ex
441 727 532 792 rubro
550 725 685 792 tarccnal
707 724 796 790 ulnae
812 724 972 790 duodecim
989 743 1058 790 cum
1076 725 1219 803 dimidi03
1243 726 1320 792 item
1339 727 1371 791 in
1394 727 1454 792 4114
1476 726 1594 791 14446114

248 818 322 882 4144
343 833 423 894 444;
457 814 533 879 Item
556 833 594 878 44
621 811 699 878 6444
722 813 860 879 64444441
889 814 992 878 444414
1015 817 1047 878 46
1077 815 1232 898 argenteis
1258 814 1485 880 611444464464
1509 814 1594 878 ulnae

250 909 382 988 quatuor
404 922 474 969 cum
497 901 634 966 dimidia.
658 901 710 966 38.
726 899 807 966 Item
830 919 867 966 ex
890 902 1043 968 tercenelo
1060 902 1189 971 merasei
1213 903 1322 970 coloris
1344 903 1435 968 ulnae
1458 905 1593 985 quatuor,

247 991 387 1077 quartale
410 988 556 1056 medIum.
588 991 639 1053 39.
664 990 743 1054 Item
767 1008 803 1053 cx
833 990 929 1054 altero
960 989 1112 1056 consimili
1142 990 1231 1057 ulnae
1261 985 1423 1056 duodecim
1445 991 1594 1074 quartalia

247 1081 318 1147 trie.
342 1079 394 1145 40.
416 1080 495 1144 Item
519 1097 554 1144 44
570 1077 667 1143 simili
690 1077 722 1143 in
745 1077 1304 1154 61444414641644144461441444444,
1329 1078 1468 1162 quartale
1491 1097 1595 1143 unum.

245 1171 298 1232 41.
326 1165 1003 1249 16444164114444444144414444414644144
1027 1185 1099 1232 cum
1119 1165 1256 1232 dimidia.
1288 1166 1342 1231 49.
1365 1167 1446 1232 Item
1470 1186 1508 1230 ex
1532 1184 1598 1231 cae·

246 1257 331 1322 ruleo
352 1255 488 1340 simplici
519 1252 683 1320 taroenello
713 1254 817 1318 ulluae
847 1253 933 1320 dnae.
973 1253 1027 1319 43.
1047 1255 1128 1320 Item
1165 1275 1201 1320 44
1233 1254 1353 1344 16641144
1382 1255 1474 1321 rubro
1510 1254 1596 1318 ulnae
1636 1301 1637 1310 .

248 1345 466 1411 novemdecim
493 1343 647 1427 quartalia
679 1341 750 1408 tria.
771 1342 823 1406 44.
847 1343 928 1408 Item
952 1362 988 1407 ex
1011 1341 1089 1408 flavo
1113 1343 1217 1409 italico
1239 1345 1330 1409 ulnae
1355 1362 1418 1409 444.
1442 1343 1495 1408 45.
1520 1343 1596 1407 Item

245 1450 282 1498 44
303 1431 395 1497 rubro
418 1431 522 1497 italice
551 1431 641 1495 ulnae
664 1432 736 1496 tres.
768 1431 821 1494 46.
845 1431 925 1496 Item
951 1450 988 1495 ex
1011 1430 1101 1496 rubro
1135 1432 1301 1498 tarcenello
1328 1429 1418 1496 ulnae
1441 1433 1508 1496 tres
1531 1449 1596 1495 cum
1636 1439 1637 1510 t

246 1519 383 1586 dimidia.
407 1521 460 1584 47.
479 1520 562 1585 Item
583 1537 620 1584 ex
643 1518 733 1584 rubro
764 1517 863 1602 guber
892 1520 1001 1585 barson
1032 1519 1232 1584 4144446444.
1263 1521 1317 1585 48.
1341 1507 1424 1584 Item
1447 1538 1485 1584 ex
1508 1519 1598 1602 duple
1636 1521 1637 1560 ³

247 1608 335 1674 taffot
357 1607 428 1673 6441
452 1605 563 1672 4414414
585 1606 677 1671 ulnae
709 1606 820 1690 rIginti
843 1607 977 1691 quinque
1010 1626 1079 1672 cum
1103 1607 1242 1673 61441614.
1268 1608 1323 1672 50.
1346 1609 1425 1673 Item
1450 1627 1486 1672 44
1506 1607 1597 1671 4144111

248 1695 408 1762 4441446141
432 1695 543 1762 4414414
566 1694 673 1760 646414
696 1693 788 1760 ulnae
803 1694 924 1779 uiginti·
939 1714 999 1760 sex.
1021 1695 1075 1758 51.
1097 1696 1179 1761 Item
1201 1715 1238 1761 ex
1261 1695 1358 1760 simili
1382 1695 1489 1761 6411464
1511 1695 1597 1760 viridi

246 1782 457 1867 4414443214.
495 1783 547 1849 52.
571 1783 651 1847 Item
686 1801 723 1847 44
753 1783 849 1848 simiIi
870 1783 991 1849 ’646464
1024 1784 1095 1849 4164
1129 1785 1218 1850 ulnae
1252 1783 1346 1867 984.
1381 1785 1433 1850 53.
1458 1783 1541 1848 Item
1566 1801 1596 1847 er
1636 1791 1637 1860 j

245 1871 373 1956 64441114
395 1871 502 1938 646464
523 1861 594 1938 alba
623 1871 696 1936 ulna
721 1871 748 1933 1.
771 1871 823 1935 54.
858 1871 937 1936 Item
962 1888 1014 1954 444
1038 1875 1217 1938 ornamento
1248 1871 1356 1937 domus
1381 1873 1522 1954 64444614
1544 1890 1598 1935 444

245 1961 464 2044 peristromata
486 1979 522 2025 44
545 1958 676 2024 materia
698 1959 880 2024 damascena
913 1958 1012 2025 frusta
1045 1960 1097 2026 30.
1118 1958 1171 2025 55.
1195 1961 1274 2026 Item
1310 1978 1347 2024 ex
1370 1960 1500 2025 44464414
1525 1959 1598 2025 semi
1636 2015 1637 2030 .

246 2047 431 2113 damascena
452 2046 546 2126 rubra
559 2048 711 2113 brocatott
722 2050 840 2126 444464,
865 2047 896 2111 14
920 2048 1019 2112 641644
1034 2047 1140 2113 1444614
1163 2048 1253 2114 41444
1271 2049 1364 2132 1672.
1386 2047 1439 2114 56.
1462 2049 1544 2113 Item
1565 2065 1598 2110 ex
1636 2035 1637 2126 1

245 2134 352 2202 eadem
375 2136 505 2202 materia
517 2135 609 2200 unius
625 2135 698 2200 lecti
714 2137 962 2201 emamentorum
978 2135 1093 2202 frustra
1106 2135 1136 2200 5.
1147 2173 1185 2182 -
1203 2135 1256 2202 51.
1272 2136 1352 2201 Item
1366 2156 1400 2202 ex
1416 2136 1508 2202 rubro
1524 2137 1599 2201 semi
1636 2205 1637 2208 ,

178 2237 181 2248 '
246 2223 364 2291 16641144
387 2223 511 2308 44411144
531 2222 629 2290 461444
652 2223 734 2289 61464
756 2222 937 2307 41444714.
961 2221 1013 2288 58.
1034 2225 1115 2289 Item
1129 2223 1237 2290 4441441
1254 2225 1368 2308 tapetis
1390 2225 1547 2289 venetiani
1572 2229 1599 2286 5.
1636 2213 1637 2278 1

245 2313 298 2378 59.
320 2313 402 2396 Item
420 2311 578 2377 domestici
590 2311 689 2394 operis
705 2330 741 2377 ex
752 2309 823 2376 1444
836 2310 949 2378 6144441
962 2310 1069 2376 4414414
1080 2312 1230 2378 elaborati
1251 2313 1281 2377 2.
1298 2311 1350 2376 60.
1367 2313 1447 2378 Item
1463 2331 1497 2377 er
1511 2313 1602 2396 bysso
1636 2285 1637 2346 1

247 2400 457 2468 rubrothecae
480 2417 534 2483 pro
546 2399 645 2464 tribus
667 2393 877 2465 cervicalibus.
901 2399 953 2466 61.
977 2399 1056 2464 Item
1072 2419 1130 2466 una
1153 2401 1236 2484 44614
1254 2420 1295 2466 Ι44
1308 2401 1438 2466 44464414
1458 2401 1533 2483 pub.
1551 2400 1600 2465 66.

245 2489 326 2556 Item
336 2488 375 2556 ad
388 2506 479 2554 unam
489 2487 652 2554 fenestram
662 2487 798 2570 cortinae
806 2486 961 2571 simplices
970 2488 1055 2553 dnae.
1068 2489 1119 2552 63.
1132 2487 1214 2553 Item
1222 2506 1282 2554 nne
1294 2508 1347 2572 pro
1356 2487 1603 2554 circumferenda
1636 2529 1637 2536 .

128 2627 134 2642 .
246 2580 277 2642 et
301 2575 544 2642 64164414414461
560 2595 595 2641 ex
611 2577 702 2642 rubro
717 2575 835 2640 16641144
849 2575 950 2641 144464
971 2575 1031 2642 duo
1047 2578 1079 2642 et
1098 2575 1137 2642 ad
1155 2574 1235 2642 idern
1252 2577 1402 2660 requisita
1417 2576 1477 2641 4114
1498 2575 1600 2640 frusta

246 2665 379 2749 quinque
394 2664 426 2728 in
435 2663 531 2730 64444
538 2664 654 2730 4441444
666 2665 803 2743 materia,
813 2683 870 2730 444
879 2665 916 2730 46
928 2681 1012 2729 44444
1026 2665 1188 2730 414644464.
1198 2665 1251 2730 64.
1270 2665 1537 2730 ltcmexmaterr'a
1550 2665 1600 2728 tot
1636 2677 1637 2736 l

247 2756 354 2820 vocata
376 2770 451 2818 auro
473 2753 608 2817 intextae
631 2752 722 2830 ulnae
746 2755 817 2818 tres.
850 2751 902 2817 65.
926 2753 1004 2818 Item
1035 2754 1251 2836 tegumentum
1287 2755 1600 2818 4444444446144444
1636 2743 1637 2830 1

215 2893 218 2900 .
244 2861 280 2907 44
307 2840 387 2906 6444
408 2839 535 2906 46641144
559 2859 615 2905 444
649 2842 805 2926 eleganter
828 2840 1029 2906 elaboratum.
1053 2841 1154 2905 -In
1177 2841 1270 2907 tertia
1300 2841 1378 2906 cista
1405 2842 1492 2924 nigra
1520 2839 1599 2923 pelle

247 2928 382 2996 obducta
404 2929 534 3013 majori:
561 2931 589 2991 1.
613 2947 707 2994 uuum
728 2928 842 3012 ephipii
864 2930 1077 3013 tegumentum
1107 2947 1198 2994 44444
1221 2929 1344 3012 4444614
1374 2929 1473 2994 totum
1495 2929 1600 2993 41464-
1636 2983 1637 3012 p

248 3020 349 3084 ratum
372 3016 405 3082 in
433 3015 511 3082 6444
540 3015 670 3083 16641144.
702 3021 731 3082 2.
754 3017 850 3082 Aliud
892 3015 1033 3100 in‘bysso
1067 3016 1159 3081 rubro
1187 3015 1598 3083 4144111446441464446444.

248 3106 279 3171 3.
303 3104 383 3170 Item
417 3106 544 3170 tertium
568 3106 598 3178 in
631 3105 722 3170 rubro
745 3108 915 3189 vontarany
950 3103 1062 3170 simiIIs
1094 3104 1205 3189 operis.
1240 3105 1273 3171 4.
1296 3105 1376 3169 Item
1400 3107 1547 3188 quartum
1573 3106 1600 3168 In

248 3195 340 3278 bysso
361 3193 455 3258 rubro
479 3192 574 3258 simili
598 3209 687 3274 opere
709 3193 910 3259 elaboratum.
933 3191 964 3258 5.
988 3188 1068 3256 Item
1090 3189 1303 3276 tegimentum
1328 3211 1421 3256 unum
1445 3193 1600 3258 turcicum

249 3281 449 3366 4444461414
478 3280 577 3363 444414
609 3281 717 3346 6444141
748 3299 819 3346 cum
849 3279 1105 3345 circumferentiis
1135 3281 1235 3346 444414
1265 3280 1458 3346 elaboratum
1488 3280 1600 3344 4414414
1636 3315 1637 3364 p

250 3370 390 3435 maresci.
430 3366 460 3433 6.
484 3367 564 3434 Item
600 3368 690 3434 bursa
728 3368 884 3434 venatoria
917 3387 971 3452 pro
1005 3368 1197 3450 deponendIs.
1220 3369 1421 3454 perdicibus,
1460 3387 1536 3433 4444
1569 3371 1599 3432 46
1636 3365 1637 3368 ’

249 3459 378 3541 argento
403 3457 485 3540 41464
514 3475 583 3521 cum
615 3456 729 3522 circulo
759 3460 914 3541 argenteo.
947 3456 976 3520 7.
999 3457 1081 3522 Item
1114 3475 1223 3522 corona
1256 3475 1316 3521 une
1345 3456 1599 3540 4414644146444
1636 3513 1637 3538 p

252 3547 304 3610 sed
328 3563 400 3610 auro
424 3547 460 3618 46,
478 3549 605 3628 argento
628 3545 706 3610 14144
739 3545 895 3610 elaborata
917 3562 987 3609 cum
1010 3563 1086 3610 sona
1119 3547 1234 3610 sericea
1256 3547 1351 3610 rubra
1374 3547 1406 3609 46
1429 3546 1599 3627 dependcn-
1636 3591 1637 3604 .

251 3634 315 3699 tiis.
339 3631 369 3698 8.
394 3632 589 3699 Subdbctura
614 3651 673 3697 444
697 3652 749 3715 444
771 3632 913 3717 clamyde
935 3631 1052 3698 4446144
1073 3652 1110 3698 44
1131 3633 1306 3699 6444444114.
1333 3631 1363 3696 9.
1388 3633 1468 3696 Item
1490 3633 1599 3696 41444414
1636 3643 1637 3712 1

251 3721 449 3802 4444446144
473 3741 508 3786 44
530 3738 630 3804 44444
653 3722 779 3786 4441444.
802 3723 851 3785 10.
876 3721 956 3785 Item
979 3721 1076 3786 altera
1097 3720 1214 3806 clamys
1241 3740 1278 3785 ex
1299 3720 1395 3805 bysso
1417 3721 1506 3804 nigro
1524 3719 1600 3785 6444

250 3809 419 3874 6444444114
442 3809 594 3876 44664464
627 3829 697 3875 cum
714 3828 773 3874 sex
807 3808 893 3873 nodis
925 3810 1035 3888 444414,
1071 3809 1103 3872 14
1136 3828 1266 3892 quorum
1297 3809 1435 3892 44411646
1466 3809 1597 3874 minores
1636 3813 1637 3884 ξ

252 3898 432 3964 adamantes
455 3903 584 3981 septem,
609 3897 718 3962 horum
739 3900 843 3961 autem
859 3897 977 3962 medius
1001 3897 1130 3979 reliquis
1154 3897 1260 3980 major.
1286 3904 1337 3960 11.
1361 3896 1442 3962 Item
1465 3896 1601 3980 chlamys

252 4004 373 4051 44444
397 3987 487 4070 bysso
507 3986 600 4050 rubro
624 3987 687 4050 sive
711 3985 786 4067 regii
806 3979 916 4050 4414114
942 4003 1012 4049 cum
1036 3985 1223 4051 subducture
1252 3985 1308 4050 snb
1331 3984 1410 4050 6444
1431 3985 1598 4059 tescellino,

254 4093 324 4140 cum
348 4092 399 4139 sex
423 4074 508 4139 nodis
532 4074 670 4160 quolibet
692 4079 810 4156 septem
834 4073 983 4138 instructo
1005 4073 1134 4152 rabinis,
1167 4073 1266 4139 medio
1281 4073 1524 4158 praeeminente.
1549 4073 1598 4136 12.

253 4163 333 4230 Item
354 4163 448 4226 restis
464 4181 525 4227 una
546 4182 581 4227 er
604 4163 695 4226 rubro
719 4161 819 4245 bysso,
843 4161 913 4227 4164
935 4161 966 4225 14
988 4161 1235 4227 extremitatibus
1260 4163 1411 4227 subducta
1432 4159 1597 4239 tarcelliuo,

168 4249 180 4263 “
254 4269 324 4315 cum
348 4251 435 4315 nodis
458 4251 650 4334 4444411444
674 4249 851 4315 61444444.
884 4248 934 4314 13.
958 4250 1039 4314 Item
1068 4249 1130 4314 4114
1153 4251 1248 4315 444614
1270 4250 1468 4315 4444444144
1498 4249 1598 4314 1141144

252 4359 325 4406 cum
345 4337 387 4402 29
407 4337 494 4403 44614
512 4356 547 4403 44
559 4337 748 4424 4464446444,
764 4339 794 4402 14
818 4355 947 4420 quorum
972 4337 1108 4421 44411646
1124 4338 1203 4422 14414
1225 4356 1337 4423 444444
1361 4337 1452 4403 44614
1475 4339 1504 4403 14
1528 4355 1597 4402 4444

191 4419 200 4432 “
255 4429 364 4495 exstat.
398 4426 448 4492 14.
472 4427 550 4492 Item
585 4427 764 4491 altercetis
796 4445 831 4490 44
855 4444 955 4509 44444
977 4426 1091 4490 4441444
1123 4427 1214 4490 44644
1237 4444 1307 4490 oum
1332 4426 1434 4509 parvis
1458 4427 1544 4492 nodis
1562 4444 1599 4488 ex

255 4515 408 4599 schophio‚
433 4517 463 4579 14
479 4514 726 4580 extremitatibus
748 4513 827 4594 6444
843 4513 951 4580 talieta
967 4514 1126 4580 subducta.
1154 4515 1203 4579 15.
1230 4513 1308 4579 Item
1326 4515 1420 4580 vestis
1443 4533 1480 4579 44
1503 4531 1597 4597 44444
1636 4591 1637 4598 ¹

255 4606 369 4670 sericeo
393 4603 484 4667 rubro
507 4622 577 4668 cum
600 4605 687 4668 nodis
709 4603 813 4686 444414
835 4622 872 4667 44
896 4603 1050 4686 4414441414.
1076 4603 1125 4668 16.
1145 4603 1223 4667 Item
1245 4603 1340 4690 444614
1363 4619 1597 4686 4444444444
1636 4621 1637 4660 r

257 4693 371 4780 sericeo
395 4691 473 4755 rosei
488 4691 598 4756 4414414
614 4708 685 4756 eum
701 4691 787 4757 44614
804 4693 959 4775 argenteis
974 4691 1098 4756 44661114
1114 4691 1226 4757 1464414
1262 4689 1314 4754 11.
1337 4689 1456 4756 Deinde
1471 4690 1597 4756 chlamIs
1636 4705 1637 4716 ¹

258 4797 318 4844 una
341 4798 376 4861 44
397 4796 504 4861 444444
521 4779 632 4845 4441444
656 4778 786 4844 4464164
809 4799 879 4844 oum
908 4780 993 4846 nodis
1016 4799 1054 4845 44
1075 4783 1221 4866 argenteo
1243 4777 1295 4844 614
1319 4777 1384 4844 4144
1407 4778 1596 4844 subductum.
1636 4791 1637 4856 p

260 4865 310 4938 18.
333 4865 414 4934 Item
436 4864 577 4942 chlamys
606 4884 666 4933 una
697 4885 733 4933 ex
753 4873 842 4936 rubro
871 4868 1003 4936 skarlett
1035 4887 1106 4936 cum
1139 4868 1226 4936 nodis
1255 4885 1292 4935 ex
1323 4867 1449 4953 scophio
1478 4869 1597 4953 gutture
