3296 5276
1343 319 1419 416 'ool

68 521 211 590 tritorum
233 527 271 592 ad
283 528 384 594 uarias
396 513 733 614 figurascoutextorum
746 532 860 598 frustra
884 531 922 596 7:
947 531 1020 596 item
1039 528 1294 613 peristromatum
1309 528 1419 594 turcici

70 612 167 693 operis
189 614 310 696 pulchri
326 617 485 684 laneorum
498 621 659 686 rubrorum
683 620 873 703 permotum
885 619 999 702 tapetis
1015 618 1130 684 frustra
1145 635 1259 702 magna
1280 618 1319 694 23
1341 616 1419 681 item

7 731 9 736 ,
69 700 225 784 ephipium
247 702 389 771 dominae
412 707 588 774 comitissae
619 709 710 795 bysso
744 710 830 792 nigro
864 707 1031 773 obductum
1065 725 1135 771 oum
1158 704 1302 791 symbriis
1324 705 1417 789 galon

70 785 173 887 dictis,
194 809 231 856 er
251 797 396 877 argenteo
419 795 471 862 filo
493 797 642 863 contextis
668 799 703 874 13
722 797 814 863 ‘item
836 796 875 861 ad
899 813 1037 860 mensam
1070 813 1164 860 unam
1185 793 1279 876 panni
1303 792 1415 876 septub
1441 849 1444 862 .

71 876 144 940 droti
179 875 328 948 frustrum
355 885 389 962 13
427 885 503 950 item
525 885 617 967 pellis
651 887 749 969 tygris
783 903 856 950 cum
888 884 948 948 alis
979 880 1101 966 aquilae
1130 881 1256 964 antiqua
1277 881 1309 946 et
1331 880 1420 945 ualde

72 963 182 1029 attritu
207 965 249 1046 1;
285 971 360 1034 item
390 969 479 1054 pellis
501 974 540 1038 ad
572 991 665 1039 unam
699 993 839 1039 mensam
873 989 909 1037 er
932 970 1090 1036 karmasin
1120 969 1213 1036 rubro
1236 986 1290 1051 pro
1314 985 1421 1034 mensa

71 1056 228 1136 usurpata,
252 1061 302 1122 sat
325 1060 451 1142 antiqua
471 1061 503 1125 et
525 1060 558 1126 iu
581 1062 656 1127 loeis
672 1060 816 1144 plurimis
839 1060 940 1125 lacera
957 1060 990 1123 et
1010 1077 1028 1124 a
1051 1058 1190 1124 muribus
1206 1056 1365 1122 destructa
1390 1055 1419 1120 1.

71 1137 105 1202 lu
127 1147 302 1210 memorata
324 1165 393 1212 arce
417 1146 688 1227 Chattornia,
725 1151 757 1214 in
779 1148 920 1232 portione
953 1147 1181 1212 illustrissimae
1203 1143 1346 1211 dominae
1369 1161 1421 1209 oo·

70 1227 211 1295 mitiusue
235 1231 351 1299 Mariae
375 1233 505 1319 Sophiae
525 1256 543 1302 a
565 1237 652 1314 Lobl,
677 1237 880 1303 illustrissimi
910 1235 986 1302 olim
1008 1233 1123 1301 domini
1159 1232 1282 1298 comitis
1303 1230 1421 1298 Nico·

71 1315 127 1380 lai
147 1336 167 1382 u
190 1319 337 1404 Zryuio
370 1323 495 1390 relictae
516 1325 624 1390 viduae
647 1345 665 1392 a
688 1325 799 1403 Zrinio,
823 1323 929 1390 statim
953 1323 991 1389 ab
1011 1323 1099 1388 initio
1122 1321 1347 1402 confiscationis
1370 1337 1420 1385 res

70 1403 203 1471 mobiles
226 1409 366 1492 sequenti
395 1413 500 1480 ordino
523 1431 576 1496 per
604 1433 658 1478 nos
689 1415 763 1479 suut
783 1413 959 1478 inventatae
981 1413 1013 1476 et
1036 1409 1234 1493 conscriptae,
1269 1414 1361 1491 atque
1383 1407 1421 1472 ad
1560 1435 1562 1438 ·

70 1507 164 1591 unam
188 1494 301 1562 cistam
323 1497 476 1566 inclusae:
500 1501 649 1568 scutellae
672 1504 834 1586 argenteae
859 1499 989 1565 maiores
1013 1498 1197 1577 duodecim,
1223 1496 1312 1563 orbes
1334 1495 1422 1562 simi·

69 1577 143 1645 bter
167 1587 307 1667 argentei
339 1586 509 1669 duodecim,
544 1590 649 1673 peluee
681 1608 809 1674 magnae
842 1590 1005 1671 argenteae
1040 1588 1114 1689 uiuae
1148 1587 1263 1687 absque
1285 1582 1419 1666 lusoriis,

69 1676 577 1832 attribueretur
599 1675 1330 1847 tiltllibtiltlilltltlntt
1349 1690 1420 1825 u.

67 1843 136 1926 jora
157 1845 229 1926 duo,
253 1849 361 1916 deinde
385 1853 446 1919 alia
459 1855 605 1920 salinaria
620 1856 765 1939 argentea
780 1853 906 1932 minora,
931 1851 1112 1918 candelabra
1134 1851 1279 1935 argentea
1303 1848 1422 1932 majora
1540 1927 1543 1937 ¹

70 1929 143 2013 duo,
167 1934 244 2001 itam
265 1938 348 2006 orbis
362 1945 526 2025 argenteus
543 1962 640 2020 unns3
664 1945 739 2008 item
754 1942 896 2026 poculum
920 1959 1014 2005 unum
1030 1941 1209 2022 argenteum
1230 1939 1421 2017 deauratum,

71 2021 260 2104 wlnodum,
293 2029 384 2094 unius
417 2030 542 2096 circiter
575 2032 693 2096 mediae
729 2048 891 2095 mensurae
919 2029 1131 2112 germanicam
1165 2024 1274 2098 deinde
1311 2025 1424 2109 lagena

70 2113 220 2193 argentea
242 2130 303 2180 una
324 2117 430 2182 anne
453 2119 652 2202 quantitatis;
679 2119 754 2183 item
778 2118 864 2202 pyxis
887 2135 947 2182 una
969 2135 1024 2199 pro
1050 2112 1264 2181 intertenendo
1287 2114 1422 2193 secuero,

68 2196 147 2263 item
161 2218 289 2284 paruum
308 2223 402 2270 uuum
419 2206 568 2272 lusorium
582 2211 771 2291 argenteum,
794 2207 873 2290 qnod
889 2205 956 2270 erat
970 2201 1165 2281 domicellae;
1185 2201 1261 2268 bem
1276 2199 1425 2267 coclearia

72 2291 221 2370 argentea
258 2290 374 2370 decem,
406 2294 549 2361 fuscillae
578 2297 739 2382 argenteae
773 2314 827 2377 pro
860 2311 965 2358 mensa
999 2292 1149 2358 undecim.
1174 2327 1214 2338 -
1243 2287 1307 2355 Sub
1330 2289 1422 2354 fiuem

74 2376 311 2458 confiscationis,
335 2384 535 2467 posteaquem
559 2403 595 2449 er
617 2382 808 2466 partibus
830 2379 1061 2446 maritimis
1086 2378 1244 2446 reuersi
1268 2395 1423 2456 sumus,

73 2463 220 2530 inventae
242 2470 315 2533 suut
334 2469 438 2553 pluras
460 2489 509 2537 ros
532 2471 662 2538 mobiles
686 2489 760 2555 prae
782 2469 924 2536 munibus
947 2469 1135 2533 memoratae
1165 2465 1305 2532 dominae
1327 2464 1426 2531 comi·

74 2550 175 2617 tissae
197 2553 317 2637 uiduae,
342 2575 419 2640 quae
442 2558 568 2625 iuferius
591 2577 647 2625 suo
670 2560 773 2624 ordine
803 2559 876 2624 sunt
905 2556 1104 2640 conscriptae,
1136 2554 1303 2639 exquibus
1325 2552 1424 2637 peluis
1546 2593 1551 2602 ·

73 2657 138 2704 una
161 2641 309 2709 deaurata
329 2663 400 2710 cum
416 2644 530 2713 fusorio
553 2647 697 2714 similiter
712 2650 856 2712 deaurato
879 2647 932 2711 sed
955 2644 1122 2728 inaequali;
1147 2642 1210 2708 alia
1227 2643 1304 2708 item
1326 2640 1424 2726 peluis

73 2746 139 2792 una
162 2747 233 2795 oum
248 2729 364 2798 fusorio
380 2733 541 2814 decursim
568 2737 684 2820 clamys
700 2736 824 2821 byssina
840 2751 901 2799 uua
923 2733 1013 2811 flaua,
1037 2751 1109 2797 cum
1134 2730 1223 2796 nodis
1245 2749 1282 2796 ex
1301 2728 1424 2812 acopbio

74 2815 282 2884 conlectiset
304 2821 413 2905 lyncea
427 2823 508 2908 pelle
532 2825 697 2902 subducta;
721 2824 797 2888 item
813 2823 931 2906 olamys
954 2839 990 2886 er
1006 2819 1138 2886 slrarlatt
1160 2820 1252 2885 rubro
1275 2817 1426 2884 subducta

74 2903 159 2986 pelle
183 2905 309 2990 vulpina
330 2928 407 2993 pura
429 2913 510 2993 alba,
535 2932 604 2979 cum
627 2911 716 2978 nodis
740 2911 880 2995 oblongis
903 2927 939 2975 er
970 2907 1116 2991 schopbio
1131 2926 1135 2934 ’
1150 2906 1313 2983 confectis;
1349 2905 1424 2971 haec

75 2992 199 3078 clamys
219 2994 294 3062 lioet
316 2997 373 3064 boo
409 3000 514 3066 ordine
548 3002 580 3065 in
614 3019 675 3066 una
706 3001 786 3065 cista
809 3018 879 3064 cum
914 2998 984 3062 istis
1013 2995 1084 3062 aliis
1106 2995 1197 3062 rebus
1230 2994 1424 3074 exstittisset,

75 3081 185 3164 prouti
217 3081 281 3165 iam
317 3089 409 3152 antea
441 3089 667 3172 particulariter
702 3089 818 3173 inclyto
849 3085 1029 3152 consistorio
1063 3084 1197 3150 relatum
1221 3085 1280 3161 est,
1309 3103 1345 3148 ex
1367 3082 1426 3147 bao

74 3173 186 3235 tamen
209 3171 289 3238 cista
308 3179 434 3259 exceptu
457 3179 515 3257 est,
550 3181 581 3242 at
603 3177 702 3259 posita
736 3178 775 3242 ad
797 3176 891 3242 aliam
925 3173 1035 3240 cistam
1072 3172 1198 3238 tertiam
1232 3171 1324 3255 nigra
1346 3169 1427 3254 pelle

74 3257 253 3340 obductam,
277 3260 344 3328 loco
366 3265 453 3348 ouius
474 3265 647 3350 olssumydis
670 3265 835 3349 impositae
857 3265 930 3329 sunt
945 3265 1022 3328 duae
1044 3261 1147 3344 pelves
1170 3263 1333 3344 argenteae
1353 3275 1427 3324 cum

75 3345 204 3413 insoriis
227 3350 398 3430 deauratis,
430 3353 507 3419 item
540 3355 635 3420 vestis
670 3372 729 3418 una
753 3369 827 3418 auro
862 3350 1004 3416 contexte
1037 3347 1127 3428 flaua,
1161 3349 1225 3414 siue
1260 3349 1427 3432 uontarauy

75 3435 174 3514 diota,
201 3454 271 3502 cum
293 3439 381 3505 nodis
403 3443 540 3524 paruulis
571 3444 682 3520 aureis,
705 3440 821 3525 lapillis
845 3441 935 3506 rubin
958 3438 1091 3513 omatis3
1116 3439 1192 3503 item
1215 3436 1324 3502 thorax
1347 3451 1426 3501 unus

76 3523 228 3589 similiter
250 3546 286 3590 ax
314 3531 483 3615 uontarany
517 3531 684 3609 coniectus,
716 3547 790 3595 auro
809 3530 841 3593 et
873 3529 1000 3612 argento
1035 3527 1205 3603 contextus,
1236 3543 1307 3589 oum
1337 3522 1426 3590 nodie

76 3612 237 3696 argenteis
261 3615 416 3683 deauratis
450 3620 603 3702 paruulis;
639 3623 714 3686 item
751 3617 846 3684 vestis
880 3617 1001 3681 alia-er
1035 3631 1134 3697 pauno
1166 3612 1282 3679 sericeo
1314 3610 1425 3678 coloris
1494 3622 1497 3631 '

77 3701 161 3766 rosei
185 3719 255 3767 oum
278 3705 377 3771 modis
395 3706 569 3791 argenteis:
592 3710 668 3773 item
691 3707 786 3773 uestis
809 3724 846 3770 er
869 3703 971 3770 italico
989 3703 1092 3781 rubro,
1115 3721 1186 3768 oum
1210 3701 1296 3767 nodis
1318 3719 1429 3785 argeu-

75 3790 139 3854 teir
162 3789 334 3870 deauratis;
358 3793 432 3858 item
456 3796 550 3862 uestis
566 3795 697 3882 byssina·
714 3813 775 3860 uua
797 3793 875 3858 flaua
893 3793 959 3858 sine
974 3791 1077 3868 nodis;
1097 3790 1173 3855 item
1196 3789 1314 3876 culigpe
1336 3788 1428 3854 binae

77 3898 116 3946 ex
140 3896 241 3960 panno
264 3880 395 3964 anglico,
430 3883 547 3969 cinguli
569 3885 677 3950 sericei
701 3885 776 3960 dno;
811 3882 886 3947 item
918 3879 992 3963 pilei
1014 3879 1101 3963 parui
1123 3878 1202 3955 duo;
1234 3879 1310 3943 item
1332 3877 1428 3942 vestis

77 3967 241 4034 muliebris
275 3971 366 4053 uulgo
401 3972 469 4038 uolo
503 3973 586 4038 diota
616 3993 651 4039 eu
686 3970 815 4038 materia
848 3971 1018 4053 uontarany
1043 3969 1196 4046 contexta,
1229 3985 1300 4031 cum
1323 3964 1428 4030 fibulis

76 4056 194 4134 aureis,
218 4058 250 4121 in
270 4059 376 4141 quavis
399 4058 494 4126 fibula
517 4059 630 4127 rubinii
654 4061 772 4144 lapides
795 4063 857 4124 tres
877 4058 963 4142 parvi
985 4057 1198 4132 continentum
1233 4056 1310 4120 item
1334 4055 1429 4119 vestis

76 4143 267 4212 inferiores
291 4147 386 4213 simili
410 4149 550 4229 matoria,
585 4152 691 4215 ornata
711 4146 838 4214 inferius
860 4147 935 4212 latis
962 4145 1002 4211 ad
1036 4145 1203 4229 spitamam
1233 4161 1326 4208 unam
1350 4141 1431 4227 tym-

76 4231 157 4300 briis
179 4235 281 4300 aureis
311 4237 343 4301 et
371 4239 534 4321 argenteis,
565 4239 693 4304 consuta
722 4236 801 4316 filis3
835 4237 910 4301 item
941 4233 1036 4300 uestis
1070 4233 1132 4300 ulia
1166 4231 1326 4297 muliebris
1353 4228 1430 4296 inie-
1539 4239 1543 4246 '

76 4325 144 4389 rior
174 4341 211 4389 ex
241 4325 331 4410 bysso
362 4326 450 4410 nigro
478 4326 609 4393 fimbriis
644 4307 743 4391 t'ribus
777 4325 876 4390 instar
910 4341 979 4388 rosa
994 4311 1057 4388 'acu
1093 4320 1199 4402 pictis;
1234 4319 1310 4384 item
1334 4319 1430 4384 restis

78 4411 144 4478 alia
167 4412 328 4478 muliebris
348 4413 477 4480 inferior
499 4435 534 4482 er
557 4416 648 4499 bysso
671 4415 768 4499 nigro,
792 4411 933 4498 tymbriis
950 4410 1049 4475 tribus
1072 4409 1165 4493 galon
1189 4407 1282 4473 dictis
1305 4407 1429 4485 ornatur

77 4500 157 4566 item
180 4499 275 4565 uestis
297 4501 456 4569 muliebris
480 4523 515 4570 er
534 4506 627 4590 bysso
642 4503 730 4586 nigro
753 4505 859 4567 ornata
881 4497 1034 4582 argenteis
1050 4496 1212 4582 tymbriis3
1236 4494 1313 4560 item
1335 4495 1431 4561 vestis

77 4586 218 4670 superior
239 4589 333 4672 vulgo
357 4591 425 4656 valo
459 4591 541 4657 dieta
563 4592 601 4657 ad
625 4590 753 4656 eandem
787 4591 906 4655 vestem
940 4587 1080 4670 spectans
1111 4604 1148 4650 er
1170 4584 1262 4668 bysso
1285 4582 1431 4650 similiter

79 4674 170 4759 nigro
193 4693 263 4740 cum
293 4675 434 4761 tymbriis
468 4680 641 4764 argenteis,
676 4679 751 4744 item
783 4677 877 4744 uestis
910 4693 972 4740 una
1005 4691 1040 4739 er
1060 4675 1154 4760 bysso
1189 4671 1296 4738 florido
1318 4671 1431 4738 cinerei
1512 4736 1515 4744 ,

79 4764 191 4832 coloris
215 4767 332 4846 ornata,
366 4765 508 4852 tymbriis
531 4769 655 4836 sericeis
678 4761 789 4854 nigris
811 4784 881 4833 aum
904 4763 971 4832 valo
1006 4761 1100 4829 dictis
1123 4760 1162 4828 ad
1186 4762 1315 4828 mudum
1335 4761 1431 4844 perti·

1185 4865 1227 4936 36
