3306 5252
233 349 299 415 238

338 522 429 588 Nunc
446 523 687 588 clementissime
699 523 884 604 imperator!
909 524 1011 588 vestra
1028 523 1238 588 sacratissima
1254 526 1400 590 maiestas
1415 526 1526 589 innata
1544 543 1602 588 sua

234 611 396 694 prudentia
418 614 449 676 et
472 610 535 675 alte
565 610 675 675 iudicio
707 611 798 694 hujus
821 611 970 676 materiae
995 613 1175 676 serietatem
1205 612 1283 676 bene
1314 613 1545 695 perpenderaro
1570 615 1602 676 et
1648 665 1649 690 ,

233 698 389 764 reflectere
412 698 631 780 benignissime
656 698 808 782 dignetur,
834 717 910 780 quae
934 701 965 762 et
987 698 1092 782 qualia
1115 700 1233 764 motiva
1256 719 1310 782 pro
1333 700 1516 764 divertendo
1540 700 1598 763 tali

233 788 337 852 dolosa
359 791 390 851 et
411 785 515 869 iniqua
539 787 737 868 impressione
760 787 967 860 adinventare,
993 787 1024 850 ot
1047 789 1178 869 quantes
1203 789 1328 852 sudores
1351 805 1385 852 ac
1410 787 1532 852 labores
1560 786 1598 851 ad
1648 805 1649 870 ᾗ

232 874 419 940 reddendum
434 891 578 954 capacem
601 874 755 938 hominem
772 873 968 956 desperatum
991 875 1177 956 profundere
1193 876 1359 957 opportuit,
1384 875 1479 940 donec
1492 875 1601 957 ipsum
1648 897 1649 900 ¹

234 965 270 1027 ad
293 964 408 1026 rectam
433 965 514 1024 viam
538 961 720 1026 etdebitam
736 962 893 1026 maiestati
919 965 1038 1026 vestrae
1061 966 1172 1027 sacrat.
1197 964 1385 1027 submissam
1402 961 1600 1045 deprecatio·
1648 1001 1649 1004 =

234 1069 304 1113 nem
327 1049 470 1114 inducere
494 1048 656 1129 potuerim,
682 1049 727 1113 uti
745 1068 802 1113 nen
818 1069 948 1131 paruum
965 1067 999 1114 ex
1017 1049 1073 1114 illa
1094 1055 1350 1132 praesumptuosa
1365 1071 1419 1133 per
1435 1051 1600 1114 reuerend.
1648 1127 1649 1136 ἦ

234 1138 354 1220 patrem
367 1135 511 1213 Feretrii,
537 1156 585 1201 me
608 1137 731 1220 quidem
746 1138 873 1202 absence
897 1139 929 1201 et
951 1137 1058 1213 inscio,
1076 1138 1259 1203 transmissa
1274 1137 1494 1220 capitulatione
1509 1157 1600 1202 cem·
1648 1167 1649 1170 ¹

235 1224 380 1307 prehendi
405 1224 516 1306 potest,
541 1226 573 1287 et
591 1226 786 1289 assecuratur
806 1228 908 1290 vestra
931 1226 1042 1289 sacrat.
1058 1227 1202 1303 maestas,
1227 1227 1308 1309 qued
1330 1225 1472 1290 dominus
1496 1226 1602 1290 banus
1648 1269 1649 1306 ;

235 1311 301 1377 sine
325 1313 402 1376 meis
423 1312 651 1394 urgentissimis
676 1313 922 1393 persuasionibus
944 1314 976 1376 11
991 1314 1145 1394 personali
1162 1313 1308 1378 comitiva
1324 1332 1480 1395 nunquam
1498 1313 1602 1376 Vien·
1648 1315 1649 1362 l

236 1418 309 1464 nam
332 1398 522 1482 ingrediendi
538 1418 570 1463 se
583 1399 769 1477 resolvisset,
792 1401 888 1464 immo
909 1399 1043 1465 existens
1063 1401 1129 1482 Jam
1153 1420 1184 1465 rn
1206 1400 1338 1465 intinere
1361 1401 1495 1465 titubare
1512 1401 1601 1465 inae·
1648 1445 1649 1456 ,

237 1488 336 1570 perat,
359 1485 456 1551 acad
479 1490 583 1570 partes
612 1487 782 1568 superiores
813 1487 992 1570 Huugariae
1023 1506 1056 1552 se
1090 1489 1206 1553 1611111
1238 1489 1439 1570 disposuerat.
1469 1489 1598 1564 Fateor,
1648 1487 1649 1566 ᾖ

236 1575 304 1640 1111
321 1574 353 1637 11
376 1593 426 1638 111
450 1576 569 1656 proprio
601 1574 714 1653 sordet,
745 1575 777 1639 et
796 1575 879 1640 absit
903 1593 921 1638 a
944 1594 993 1639 me
1017 1579 1138 1640 tantum
1169 1576 1374 1658 arrogantiae,
1409 1577 1443 1640 ut
1474 1595 1512 1641 ex
1546 1577 1604 1640 hac
1648 1585 1649 1624 ³

238 1662 345 1728 debita
367 1680 402 1726 10
421 1661 590 1726 christiana
610 1661 784 1743 operatione
807 1663 973 1744 quidquam
995 1663 1144 1727 meritorii
1169 1663 1244 1726 mibi
1270 1663 1380 1728 vellem
1404 1665 1602 1738 attribuere;
1648 1697 1649 1742 ,

237 1751 293 1815 hoc
318 1751 442 1814 unicum
464 1749 691 1832 regodemisse,
714 1751 750 1815 nt
769 1753 871 1815 vestra
886 1752 997 1815 sacrat.
1022 1748 1170 1815 maiestas
1187 1753 1271 1815 omni
1287 1752 1460 1834 suspicione
1476 1753 1603 1815 remote
1648 1787 1649 1826 1

237 1838 369 1902 firmiter
392 1836 516 1903 credere
540 1838 624 1914 velit,
648 1837 806 1920 negotium
829 1838 924 1902 istum
942 1838 1029 1918 plane
1042 1839 1132 1919 juxta
1148 1839 1368 1920 expositionem
1385 1857 1417 1902 se
1433 1838 1603 1914 habuisse;
1648 1835 1649 1918 ξ

239 1929 270 1990 61
293 1925 319 1990 11
343 1945 360 1990 1
383 1925 476 2008 proba
500 1943 568 1989 mea
590 1924 741 1989 fidelitate
761 1943 797 1989 ac
820 1924 1083 2007 disappassionata
1107 1927 1259 2008 praesenti
1282 1927 1470 1992 revelatione
1492 1927 1602 2008 magis
1648 1941 1649 2012 j

239 2014 392 2098 syncerari
427 2011 567 2095 cupierit,
597 2012 742 2094 dignetur
773 2013 931 2077 dominum
964 2013 1161 2078 Franciscum
1194 2015 1363 2092 lranouicz,
1395 2016 1486 2078 antea
1517 2015 1603 2078 vice·
1648 2013 1649 2018 ’

238 2103 432 2184 capitaneum
456 2099 651 2180 Crisiensem,
677 2101 764 2164 modo
794 2118 865 2165 1610
889 2099 1135 2184 Legradieusem,
1160 2102 1191 2164 in
1215 2102 1261 2166 sui
1284 2101 1434 2166 advocare
1457 2119 1608 2183 praesen·
1648 2137 1649 2172 2

239 2191 325 2265 tiam,
360 2189 414 2252 ille
449 2187 574 2252 uberius
610 2187 719 2252 testari
754 2187 869 2270 peterit
903 2192 1051 2270 tanquam
1082 2191 1222 2253 conscius
1256 2191 1394 2253 omnium
1419 2190 1608 2253 intimorum
1648 2175 1649 2244 l

239 2277 360 2340 comitis
382 2275 460 2340 bani.
481 2275 568 2340 Licet
591 2275 683 2355 eninr,
714 2275 955 2340 clementissime
985 2276 1164 2358 imperator,
1196 2277 1235 2340 eb
1265 2295 1334 2341 mea
1357 2278 1523 2341 temeraria
1546 2277 1608 2359 fig-

240 2366 355 2440 menta,
380 2364 412 2428 et
433 2382 487 2445 pro
510 2365 612 2428 status
636 2362 752 2427 ratione
776 2363 933 2446 erigentes
963 2364 1241 2428 demonstrationes
1271 2365 1301 2427 in
1325 2382 1482 2428 summam
1507 2383 1607 2446 penes

241 2452 435 2517 maiestatem
457 2451 716 2516 vestramsacret.
739 2450 899 2514 inciderim
922 2451 1102 2534 diegratiam
1125 2470 1159 2515 ac
1184 2452 1438 2534 indignationem
1462 2454 1607 2516 attamen
1648 2467 1649 2522 l

169 2551 177 2570 ·
240 2541 271 2604 in
304 2539 444 2604 realitate
476 2543 553 2621 ipsa,
578 2539 648 2622 juro
679 2557 733 2621 per
755 2539 847 2602 deum
877 2539 1098 2618 immortalem,
1127 2539 1229 2603 omnia
1258 2558 1302 2616 ea,
1338 2557 1415 2622 qnae
1439 2539 1610 2604 honestum
1648 2525 1649 2618 l

242 2627 342 2692 111111
365 2646 401 2692 10
425 2626 642 2691 fidelissimum
657 2626 807 2692 vasallum
831 2626 1065 2706 concernebant‚
1090 2627 1211 2709 operari
1236 2627 1267 2691 in
1291 2627 1419 2691 minimo
1437 2645 1499 2691 non
1514 2646 1611 2710 prae·
1648 2631 1649 2698 l

241 2716 371 2791 termisi,
395 2714 475 2797 quod
501 2715 604 2779 autern
629 2714 715 2797 prius
738 2733 798 2778 non
820 2714 1030 2792 revelaverim,
1054 2714 1132 2779 duae
1156 2719 1362 2794 suntcausae,
1387 2715 1499 2796 p'rima,
1526 2716 1607 2797 qnod
1648 2713 1649 2740 ¹

241 2806 313 2869 ante
340 2803 378 2866 15
402 2801 466 2866 dies
491 2802 613 2866 tantum
636 2821 654 2866 a
676 2802 787 2866 comite
808 2801 887 2866 bano
924 2801 999 2865 mihi
1034 2804 1261 2867 communicata
1292 2802 1433 2878 fuerunt;
1458 2803 1607 2882 secunda,

243 2888 821 2955 111110111111111111101111111111
853 2889 985 2966 uolebat,
1017 2909 1072 2954 160
1104 2909 1196 2972 penes
1227 2909 1277 2954 me
1309 2889 1403 2954 1111111
1434 2890 1610 2955 commodi·
1648 2937 1649 2968 3

243 2979 341 3042 tatem
364 2977 428 3040 tale
451 2977 510 3040 iter
529 2975 706 3041 conficiendi
729 2977 768 3041 ob
792 2976 945 3041 defectum
971 2977 1117 3059 pecuniae
1141 2977 1332 3062 aliorumque
1345 2979 1607 3055 necessariorum,
1648 2975 1649 3064 f

242 3066 365 3129 litteras
388 3066 494 3128 autem
517 3065 716 3147 undequaque
739 3064 922 3147 intercipere
944 3064 1082 3129 curabat.
1648 3065 1649 3080 ¹

347 3168 506 3252 Sanungo
530 3189 584 3252 pro
607 3169 742 3234 demissa
769 3169 969 3248 advertentis,
1002 3173 1122 3235 exortes
1154 3169 1186 3233 in
1218 3169 1427 3251 superioribus
1462 3171 1609 3252 partibus
1648 3207 1649 3212 1

243 3256 398 3322 tumultus
421 3258 551 3323 totalem
574 3257 687 3322 habere
718 3259 1000 3322 concatenationem
1024 3277 1091 3322 01111
1118 3256 1610 3340 praementionatismachinatio·

245 3346 333 3410 uibus
357 3346 479 3409 comitis
502 3344 584 3423 bani,
609 3347 641 3409 et
663 3364 783 3409 somnne
807 3364 911 3410 vereor
941 3345 1042 3427 ipsam
1073 3345 1345 3427 incaptivationem
1369 3345 1484 3409 demini
1510 3347 1608 3411 collo-

243 3434 346 3498 16111
374 3432 583 3515 Stabrenberg
608 3435 750 3515 respectu
773 3433 911 3516 ejusdem
936 3432 1111 3516 contigisse.
1150 3433 1237 3498 Unde
1259 3452 1389 3515 aequum
1422 3437 1454 3497 et
1480 3433 1606 3514 justum

244 3521 320 3585 mihi
341 3521 507 3598 videretur,
532 3521 584 3603 qui
607 3540 730 3586 causam
754 3520 840 3586 dedit
862 3520 947 3598 mali,
973 3522 1113 3585 teneatur
1136 3521 1230 3585 etiarn
1254 3523 1458 3603 opportunum
1474 3521 1608 3585 adinve-

245 3608 513 3685 111111111111111,
537 3610 569 3673 ot
589 3608 732 3674 auderem
755 3608 844 3692 quasi
873 3609 984 3686 dicore,
1017 3609 1043 3672 si
1072 3609 1214 3672 dominns
1238 3609 1335 3672 banus
1359 3607 1454 3672 serias
1476 3625 1515 3672 ac
1539 3609 1607 3673 effi·
1648 3627 1649 3638 ³

244 3713 330 3761 cases
354 3697 489 3786 principi
509 3697 667 3780 Raggozio
690 3697 892 3779 perscriberet
915 3695 1045 3774 litteras,
1073 3699 1174 3759 restra
1198 3697 1307 3760 sacrat.
1326 3697 1461 3759 maestas
1478 3697 1605 3760 tantum

243 3784 372 3849 fiduciae
395 3785 428 3848 in
452 3803 519 3849 mea
541 3803 670 3866 perseus
688 3784 783 3848 vellet
801 3802 954 3866 reponere,
979 3783 1172 3867 adjungendo
1195 3783 1270 3846 mihi
1294 3802 1389 3847 unum
1405 3783 1453 3848 111
1469 3782 1606 3848 alterurn

243 3893 279 3938 ex
302 3873 435 3937 dominis
458 3872 653 3953 consiliarijs,
678 3871 758 3954 quod
782 3871 858 3935 111111
878 3870 1071 3949 confiderem,
1106 3889 1175 3936 cunr
1200 3871 1231 3934 in
1252 3870 1310 3934 hac
1335 3871 1465 3934 materia
1489 3870 1604 3936 funda·

244 3960 413 4025 mentalem
436 3959 567 4023 habeam
583 3958 840 4034 informationem,
864 3977 923 4023 non
940 3961 1061 4023 tanturn
1078 3959 1267 4039 superlatum
1284 3957 1440 4021 dominnm
1456 3960 1606 4024 comitem

245 4067 261 4112 e
286 4048 429 4112 manibus
453 4046 601 4129 principis
625 4045 784 4122 eliberare,
815 4047 1048 4122 verumetiam,
1079 4045 1606 4128 11110111οεί11110111111111116
1648 4125 1649 4128 Ἴ

245 4140 356 4201 sacrat.
382 4135 526 4199 maestati
547 4133 692 4216 congruis
708 4133 879 4197 consentire
896 4133 1165 4210 satisfactionibus,
1190 4133 1353 4198 seditiones
1369 4133 1439 4197 illas
1455 4135 1494 4197 ad
1510 4137 1607 4200 ratio·
1648 4137 1649 4218 l

243 4225 380 4289 nabilem
401 4222 540 4304 redigere
564 4221 691 4296 statum,
718 4241 794 4302 qnae
817 4221 843 4284 si
866 4223 1006 4303 componi
1030 4223 1062 4285 et
1086 4221 1272 4302 complanari
1288 4224 1423 4302 possent,
1446 4239 1509 4285 non
1526 4225 1608 4288 esset

245 4314 444 4377 metuendum
469 4310 638 4373 furcarum
662 4308 860 4386 invasionem,
887 4327 958 4372 nam
983 4327 1019 4372 ex
1043 4327 1100 4372 sua
1124 4310 1246 4390 propria
1268 4307 1457 4372 confessione
1482 4310 1606 4392 dejure
1648 4321 1649 4386 j

246 4403 278 4463 11
300 4400 367 4482 lege
389 4397 508 4462 nullam
531 4396 734 4460 sufficientem
758 4397 851 4461 habet
874 4415 1000 4460 causam
1025 4396 1227 4477 belligerandi
1251 4397 1358 4460 eontra
1381 4398 1474 4460 vestr.
1491 4405 1607 4466 sacrat.
1648 4399 1649 4428 ³

245 4487 451 4562 maiestatem,
476 4485 536 4548 nisi
558 4484 590 4548 in
614 4484 783 4548 subsidium
807 4483 901 4548 fuerit
917 4484 1085 4561 invocatus,
1110 4483 1235 4548 tandem
1258 4485 1381 4547 tenetur
1404 4483 1441 4547 de
1464 4484 1527 4549 fide
1550 4491 1607 4554 sibi

245 4576 368 4638 devotos
391 4576 550 4657 protegere
574 4574 606 4637 11
627 4571 679 4635 1110
702 4572 861 4654 praetextu
885 4589 993 4653 pacem
1015 4572 1128 4636 violare
1152 4570 1334 4636 intenderet.
1375 4569 1410 4634 In
1433 4571 1491 4635 1100
1511 4593 1605 4656 passu

246 4664 351 4726 autem
376 4679 431 4724 nec
454 4661 518 4724 dies
550 4678 605 4723 110
638 4660 711 4722 hora
743 4659 825 4722 esset
855 4658 1068 4740 protrahenda,
1100 4677 1172 4723 narn
1210 4679 1322 4735 vereor,
1347 4659 1371 4722 si
1402 4658 1477 4723 illae
1501 4668 1605 4743 partes

245 4748 400 4816 audierint
422 4747 663 4832 appropinquare
687 4746 746 4812 sibi
770 4764 858 4812 arma
882 4749 974 4813 vestr.
995 4749 1106 4834 sacrat.
1120 4747 1292 4812 maiestatis
1315 4745 1354 4810 eb
1377 4749 1497 4813 metum
1515 4755 1607 4818 amit·
1648 4785 1649 4790 1
