3308 5252
232 355 252 421 6

335 531 475 596 Tertium
499 533 555 608 est,
581 531 659 613 qnod
683 529 770 614 cogit
792 529 957 614 Hungaros
980 527 1020 592 ad
1042 528 1227 594 tradendum
1253 547 1285 593 se
1308 529 1427 607 Turris,
1461 525 1598 592 iuorodi-
1640 517 1641 564 f

233 622 305 685 bilis
329 621 429 684 rabies
453 623 485 684 ιι
507 618 645 703 tyrannis
660 618 789 682 militiae
813 618 942 694 aulicae,
966 636 1025 700 qna
1043 617 1237 700 persequitur
1250 615 1429 700 Hungaros,
1456 617 1489 679 et
1505 633 1596 698 qnam

233 708 457 773 demonstrarit
479 706 724 771 luculentissime
747 706 895 806 proximis
913 705 997 769 hisee
1020 704 1116 769 anuis.
1142 705 1305 769 Exercitus
1321 703 1477 786 siqnidem
1493 703 1596 776 aulici,

233 796 284 878 qni
308 797 338 859 in
362 793 554 877 Hungariaru
580 792 813 859 defensionisti
816 793 913 858 t'ulo
905 794 1038 876 rugressi
1068 796 1152 868 snut,
1178 793 1453 868 existimaverunt,
1423 797 1509 854 ιιι
1531 791 1597 873 jam

233 903 299 948 esse
317 885 347 946 in
365 884 439 946 ·tbos
440 883 474 946 ili
426 885 579 958 tterra,
597 900 693 964 neque
707 881 798 946 aliter
807 900 899 966 quarn
913 881 1128 964 apertissimos
1143 881 1259 958 hostes,
1283 879 1425 962 ngaros
1441 881 1596 944 tractave-
1640 871 1641 934 i

233 973 316 1035 runt.
341 971 482 1053 Regnum
509 970 685 1034 universum
704 967 965 1052 aGlauseubnrgo
988 988 1084 1044 usque
1108 968 1176 1032 ad
1169 987 1275 1049 ipsos
1299 966 1398 1031 fines
1423 965 1600 1032 Oroatiae

235 1059 380 1123 hostilem
404 1057 549 1141 planem
573 1059 698 1121 modum
724 1059 940 1132 vastaverunt,
966 1074 1025 1120 non
1057 1056 1159 1120 solnm
1194 1055 1298 1120 omnia
1329 1055 1406 1155 ipsis
1436 1053 1641 1134 auferendo
1640 1077 1641 1080 ¹

234 1165 380 1211 verume
364 1146 491 1210 etiam
483 1163 566 1228 ipsos
589 1145 708 1209 incolas
732 1144 983 1227 exquisitissimis
1013 1143 1179 1208 tormentis
1204 1146 1236 1207 et
1259 1143 1407 1207 inauditis
1440 1141 1600 1224 suppliciis
1640 1135 1641 1196 ι

234 1233 404 1334 afficiendo,
428 1233 580 1316 plurimos
609 1233 704 1295 etiam
737 1231 995 1308 trucidando,t
963 1234 995 1295 et
1028 1249 1123 1314 pagos
1155 1231 1379 1308 comburendo,
1411 1247 1600 1313 regnumque

233 1323 421 1396 uniuersum,
446 1321 591 1384 desolatis
613 1319 700 1402 pagis
725 1321 757 1384 et
778 1319 939 1402 oppidis,
931 1339 963 1382 ru
984 1317 1169 1383 horrendum
1188 1319 1291 1383 desert
1277 1321 1344 1382 tum
1366 1317 1539 1402 redigendo.
1565 1315 1600 1380 Id

236 1409 315 1490 quod
339 1409 427 1490 patet
450 1408 546 1471 oeulis
570 1410 601 1471 et
621 1408 819 1490 experientia.
844 1407 949 1471 Totius
973 1409 1053 1490 apud
1076 1425 1163 1471 suam
1189 1406 1391 1472 maiestatem
1420 1406 1601 1469 institerunt

238 1496 381 1579 Huugari
416 1513 471 1579 pro
499 1495 678 1560 amolienda
710 1495 770 1559 ista
800 1496 977 1579 tyrannide,
1014 1495 1066 1558 sed
1096 1495 1172 1559 nihil
1205 1495 1369 1577 quiequam
1399 1493 1601 1557 obtinuerunt

238 1587 360 1666 praeter
383 1583 487 1648 verba.
511 1581 624 1647 Nullus
648 1584 890 1666 capitaneorum,
913 1602 967 1646 nec
990 1582 1139 1647 minimus
1161 1583 1295 1664 quidem,
1320 1583 1358 1648 ob
1382 1581 1518 1645 maxima
1541 1581 1601 1644 ista

236 1673 354 1736 scelera
375 1671 501 1753 punitus
524 1671 584 1736 luit
606 1673 660 1735 ant
681 1671 863 1753 castigatus.
889 1670 1030 1753 Denique
1059 1689 1077 1734 a
1103 1670 1252 1752 principio
1287 1671 1418 1734 istorum
1450 1670 1600 1744 motuum,
1640 1677 1641 1684 ’

236 1759 336 1824 adhuc
360 1759 391 1822 in
415 1759 637 1842 Transylvania
658 1759 881 1835 inchoatarum,
905 1777 1001 1840 nsque
1026 1759 1063 1823 ad
1094 1759 1239 1822 ultimum
1257 1757 1339 1821 diem
1357 1757 1463 1822 eodem
1480 1773 1602 1839 semper

238 1848 327 1911 aulae
351 1848 523 1911 austriaoae
547 1846 668 1910 militia
685 1849 789 1910 tenore
823 1847 973 1928 perrexit,
1007 1846 1192 1910 crudelitate
1225 1865 1275 1910 eos
1299 1845 1430 1921 vexavit,
1463 1847 1495 1909 et
1516 1845 1600 1908 inex·

238 1933 377 2017 plicabili
405 1935 567 2018 tyrannide
590 1937 732 2016 grassata
758 1934 807 1998 est
829 1935 861 1998 iu
882 1934 975 2015 ipsos.
1011 1934 1069 1997 His
1093 1933 1213 1998 accedit
1236 1933 1373 1997 omnium
1398 1951 1478 2014 pone
1507 1933 1601 1996 liber·

236 2026 337 2087 tatum
363 2041 488 2086 suarum
509 2023 541 2086 ιι
563 2022 794 2104 privilegiorum
818 2040 872 2104 per
896 2021 998 2086 aulam
1023 2022 1166 2098 violatio,
1201 2021 1434 2105 generalatnum
1465 2022 1498 2084 et
1519 2019 1601 2101 capi·

238 2113 428 2186 tarreatnum‚
453 2110 504 2191 qni
531 2114 623 2173 antea
644 2111 682 2173 ab
707 2110 1073 2192 Huugaristenebantnr,
1098 2110 1216 2173 ablatio
1240 2111 1272 2173 ιι
1294 2108 1427 2191 privatio
1450 2111 1483 2172 et
1498 2109 1532 2172 in
1547 2108 1602 2171 ho-

239 2198 339 2261 miues
372 2199 460 2262 aulae
492 2198 674 2274 translatio,
711 2198 741 2261 in
771 2196 913 2260 omnibns
946 2198 1074 2279 deniqne
1106 2197 1306 2261 libertatibus
1330 2198 1362 2260 et
1386 2195 1505 2260 iuribus
1538 2195 1599 2259 suis

235 2285 343 2364 laesio,
365 2286 411 2349 ita
442 2287 478 2348 nt
501 2286 602 2366 palam
637 2285 708 2350 aula
740 2285 940 2367 profiteatur,
976 2304 1035 2348 nou
1070 2284 1133 2348 fore
1166 2286 1241 2350 bene
1265 2284 1325 2348 nisi
1348 2284 1433 2367 prius
1457 2283 1600 2366 Hungari

235 2374 380 2438 omuibus
405 2372 468 2436 suis
493 2373 691 2438 libertatibus
723 2373 871 2436 exuantur
903 2377 934 2435 et
966 2373 1004 2436 ad
1037 2391 1176 2436 normam
1209 2372 1340 2437 aliarum
1372 2371 1600 2454 provinciarum
1640 2371 1641 2456 ι

234 2460 425 2543 despotioam
451 2461 621 2544 suscipiant
644 2461 875 2525 subiectionem.
900 2460 1026 2542 Experti
1050 2460 1146 2543 igitur
1171 2464 1257 2524 tanta
1278 2461 1361 2523 mala
1375 2461 1415 2523 ab
1428 2459 1500 2523 aula
1513 2460 1601 2523 Ηιι·
1640 2499 1641 2508 ι

235 2550 313 2630 gari,
340 2550 444 2632 qualia
478 2567 634 2630 nunquam
666 2549 812 2612 a‘lnrcis
837 2547 903 2628 (ubi
934 2549 1009 2630 ipsis
1041 2548 1193 2612 tributum
1228 2545 1410 2631 penderent)
1439 2551 1600 2630 expectare

236 2654 272 2700 ac
296 2643 434 2700 metuere
459 2641 594 2718 possent,
617 2636 716 2699 satius
741 2655 807 2700 esse
831 2635 1015 2715 iudicarunt,
1040 2637 1147 2700 Tulcis
1172 2655 1203 2700 se
1228 2635 1376 2710 subdere;
1401 2637 1489 2699 tanto
1510 2635 1601 2699 vicis·

235 2726 293 2787 sim
318 2725 385 2788 odio
409 2723 447 2788 ob
472 2725 625 2804 praedicta
650 2724 679 2786 in
704 2723 807 2786 aulam
841 2723 1008 2800 commoti,
1041 2728 1076 2787 ut
1100 2724 1231 2788 mallent
1259 2723 1403 2805 deinceps
1434 2723 1550 2787 habere
1573 2723 1601 2784 ιι
1640 2783 1641 2786 ,

235 2813 390 2893 suscipere
413 2810 522 2888 Terea,
548 2830 637 2894 quam
663 2810 761 2889 aulae,
786 2811 943 2875 feritatem
967 2812 1106 2893 experiri,
1140 2811 1301 2893 minusque
1333 2811 1432 2874 inesse
1457 2811 1550 2886 mali,
1577 2809 1600 2872 si
1640 2829 1641 2834 ¹

235 2897 341 2961 Turris
366 2897 599 2975 subiicereutnr,
625 2917 719 2980 quam
744 2902 779 2962 ιι
800 2899 839 2962 ab
862 2899 935 2962 aula
958 2900 996 2961 ad
1021 2901 1190 2962 extremam
1224 2898 1344 2962 ruinam
1373 2901 1406 2962 ιι
1435 2898 1599 2963 desolatio·
1640 2899 1641 2902 ’

237 3005 307 3050 nem
332 2987 554 3067 redigerentur.

342 3073 400 3137 His
424 3073 520 3154 igitur
543 3072 591 3137 uel
617 3074 749 3136 maxime
785 3074 860 3137 moti
885 3074 984 3138 causis
1009 3075 1041 3136 ιι
1063 3073 1182 3138 inducti
1207 3073 1383 3138 rationibus
1412 3073 1530 3157 Ungari
1552 3093 1601 3136 sn-

235 3160 387 3243 periornm
413 3162 546 3242 partium
572 3161 602 3224 in
627 3163 762 3224 tractatu
786 3165 858 3224 sunt
889 3180 958 3227 cnm
990 3161 1098 3226 Turois
1128 3161 1166 3226 ad
1199 3181 1266 3226 sese
1296 3162 1404 3225 iisdem
1438 3161 1601 3226 subiicien-

237 3248 320 3326 dum,
346 3251 404 3313 nisi
429 3249 591 3313 christiani
611 3249 774 3330 principes,
800 3251 832 3312 ιι
854 3248 1066 3313 christianitas
1091 3251 1240 3333 repererit
1265 3249 1392 3313 modum
1412 3249 1599 3333 qnempiam,
1640 3317 1641 3322 χ

239 3337 322 3418 ipsos
346 3336 828 3418 detendendi,patrociniumque
853 3340 884 3400 ιι
916 3337 1138 3418 protectionem
1170 3338 1334 3401 eorundem
1368 3336 1428 3401 sibi
1463 3336 1601 3418 polliceri
1640 3349 1641 3354 ’

239 3425 367 3505 possint.
393 3423 491 3502 Quam
512 3425 537 3488 si
562 3443 648 3506 spem
662 3423 775 3488 habere
789 3423 936 3502 valerent,
959 3425 1058 3488 adhuc
1076 3424 1155 3490 forte
1168 3425 1381 3490 detinerentur
1405 3425 1437 3489 et
1460 3423 1601 3488 different

234 3512 402 3594 negotium.

344 3596 467 3676 Quanta
489 3603 591 3664 autem
617 3599 700 3665 mala
723 3600 792 3665 iude
816 3602 981 3683 sequentur
1005 3601 1031 3664 si
1054 3601 1196 3684 Hungari
1217 3619 1249 3664 se
1273 3620 1305 3665 se
1325 3599 1440 3664 ancis
1464 3599 1602 3664 tradide-
1640 3681 1641 3684 Ἴ

237 3687 309 3764 rint,
335 3689 360 3751 si
385 3688 483 3753 Turca
507 3687 777 3754 bellicosissimam
800 3689 880 3754 hano
915 3689 1070 3754 nationem
1102 3689 1162 3753 sibi
1193 3689 1376 3772 adiungere,
1409 3691 1441 3752 et
1467 3691 1517 3762 (ut
1541 3687 1600 3751 dici
1640 3697 1641 3706 ’

238 3775 331 3856 ιιιιι)
356 3775 494 3858 gladium
518 3778 738 3860 Huugarorum
764 3795 818 3842 suo
841 3777 932 3840 lateri
964 3777 1196 3841 accommodare
1229 3781 1261 3840 et
1283 3777 1444 3859 applicare
1467 3777 1600 3858 poterit:
1640 3849 1641 3854 ἵ

234 3863 337 3927 ιιιιιιι
362 3865 409 3928 ιιι
433 3868 536 3929 orator
560 3868 625 3927 taur
647 3864 793 3936 disertus,
817 3865 869 3947 qni
893 3865 1047 3946 explicare
1071 3864 1261 3928 sufficienter
1284 3865 1393 3946 possit.
1428 3863 1510 3928 lllud
1536 3883 1602 3928 oer-

236 3953 314 4016 tnm.
338 3952 415 4032 qnod
437 3952 556 4027 statim,
579 3951 694 4032 junctis
707 3969 775 4014 enm
791 3949 899 4014 Turois
918 3953 1045 4022 viribus,
1058 3952 1212 4033 proximas
1225 3953 1409 4034 provincias,
1427 3951 1599 4028 Austriaur,
1640 4003 1641 4018 ,

234 4038 414 4113 Moraviam,
439 4037 632 4113 Bohemiam,
659 4035 801 4102 Silesiam
829 4039 984 4116 invadent,
1010 4039 1193 4117 vastabunt,
1226 4040 1425 4114 comburent,
1451 4037 1600 4121 populum

234 4124 442 4203 trucidabunt,
466 4127 519 4189 aut
543 4144 613 4189 uero
636 4123 780 4198 efficient,
806 4127 841 4188 nt
864 4143 924 4189 nna
948 4144 1051 4190 secum
1073 4126 1134 4209 ipsi
1157 4146 1277 4210 quoque
1292 4126 1402 4191 Turois
1427 4127 1600 4191 subiicien-

234 4215 293 4287 tur,
319 4213 486 4278 subtractis
515 4215 586 4276 ante
611 4211 713 4276 omnia
740 4213 986 4277 intolerabilibus
1017 4215 1295 4279 contributionibns
1319 4217 1351 4278 ιι
1375 4215 1597 4292 exactionibus,

233 4319 308 4382 quas
331 4300 478 4364 haetenus
502 4319 574 4364 suae
596 4300 756 4363 maiestati
779 4303 934 4380 praestare
952 4301 1162 4384 cogebantur3
1188 4303 1218 4366 id
1235 4301 1315 4385 quod
1344 4303 1438 4366 etiarn
1461 4305 1600 4385 tempore

233 4385 387 4452 Gabrielis
410 4388 564 4453 Bethlenii
589 4387 736 4452 accidisse
760 4387 837 4451 ιιι
829 4407 861 4452 ιι
884 4392 1023 4488 comperi
1026 4408 1052 4466 o,
1078 4391 1198 4472 quando
1227 4409 1332 4454 omues
1356 4409 1432 4472 peno
1455 4389 1597 4454 haeredi

199 4507 201 4514 ·
233 4474 330 4538 toriae
349 4477 584 4578 provinciaeet
608 4495 703 4558 regna
726 4476 920 4558 imperatoris
955 4476 993 4541 ad
1027 4477 1153 4541 Portam
1188 4479 1410 4542 ottomanioam
1436 4478 1596 4554 miseruut,

233 4566 265 4626 et
288 4563 543 4627 subiectionem
534 4565 657 4646 rpsiet
687 4582 747 4628 nna
774 4582 842 4627 cum
868 4564 1114 4648 Huugarist
1060 4565 1256 4640 obtulerffunt
1289 4567 1351 4629 iuro
1375 4565 1413 4630 de
1435 4564 1517 4630 facto
1501 4585 1598 4630 sou
1640 4623 1641 4626 ,

233 4655 321 4714 mant
352 4649 519 4733 etipsiet
547 4651 680 4752 quidde
709 4649 956 4802 Hungariatliet
988 4653 1130 4734 suspensi
1162 4615 1335 4734 expectant.
1372 4653 1432 4717 Hic
1457 4671 1517 4718 non
1550 4655 1641 4717 ιιι

232 4738 498 4822 operaepretium
525 4739 613 4803 mult
605 4758 632 4802 rs
657 4739 837 4822 evagariet
859 4738 1024 4815 deducerer
1049 4759 1103 4823 per
1122 4759 1156 4804 ιι
1176 4741 1261 4804 'euim
1283 4743 1380 4823 patet,
1406 4751 1483 4824 quae
1507 4741 1592 4804 mala
1640 4797 1641 4810 ,
