3296 5276
1375 376 1439 442 549

78 549 211 632 quinque
233 549 362 616 vulnera
373 549 498 631 Christi,
524 572 575 634 per
599 553 708 618 merita
732 551 875 636 deiparae
891 551 1018 636 virginis
1031 551 1229 635 omniumque
1251 553 1439 635 sanctorum,

79 637 223 720 dignetur
247 639 394 704 maiestas
418 643 520 705 vestra
543 659 665 723 parcere
690 641 781 706 unico
816 641 984 706 iuventutis
1006 659 1093 706 meae
1117 641 1230 705 delicto
1256 645 1287 704 et
1309 642 1439 708 imaturi

78 725 183 789 iudicii
208 728 454 810 transgressioni.
480 728 646 810 Respiciet,
671 730 914 795 clementissime
937 729 1119 811 imperatorl
1144 729 1439 811 suegratiosissimo

78 813 165 878 oculo
186 813 328 879 floridam
351 818 486 881 aetatem
506 836 625 894 meam,
653 837 744 901 quam
767 817 948 900 imperative
971 817 1099 899 perdere
1122 816 1228 882 debeo.
1275 818 1438 897 Ponderet,

77 901 318 967 clementissime
341 904 525 987 imperator!
551 925 599 970 me
616 906 820 970 miserandum
835 906 958 970 unicum
977 905 1113 970 familiae
1138 923 1223 969 meae
1237 905 1439 986 superstitem

77 990 194 1067 extare,
219 1009 309 1073 ·quae
332 992 370 1056 ab
393 993 488 1069 olim,
526 993 801 1059 innumerabilibus
834 996 931 1070 annis,
966 994 1205 1076 augustissimae
1240 1012 1312 1057 suae
1336 994 1440 1059 domui

76 1079 198 1160 totique
222 1079 445 1146 christianitati
468 1081 709 1148 incontaminata
731 1082 881 1147 fidelitate
905 1081 1439 1163 aedevotionesemper‘insernirim

78 1170 108 1231 et
132 1167 165 1229 in
192 1173 343 1248 quantum
367 1170 476 1233 merite
497 1171 646 1237 maiorum
671 1188 729 1234 uon
754 1170 979 1234 sufficiantnec
995 1189 1062 1234 mea
1076 1170 1254 1252 personalia,
1275 1171 1366 1233 deum
1390 1171 1439 1233 te-

78 1257 163 1330 stor,
188 1255 368 1320 fidelissime
389 1259 540 1338 praestita
563 1259 687 1322 servitia
712 1257 869 1322 maiestati
892 1261 1011 1322 nestrae
1040 1258 1278 1337 sacratissimae,
1305 1257 1443 1339 perficiat

77 1344 335 1424 incomparabilis
359 1346 390 1409 et
425 1346 537 1429 ubique
559 1348 712 1411 terrarum
749 1347 963 1428 depraedicata
987 1345 1148 1411 clementia
1177 1348 1208 1410 et
1230 1345 1442 1412 misericordia

76 1431 256 1496 maiestatis
278 1435 416 1510 vestrae;
440 1435 473 1497 et
494 1452 552 1513 me,
577 1435 639 1500 iam
663 1437 829 1513 mortuum,
853 1435 1002 1500 advitam
1026 1434 1192 1499 restituere
1217 1433 1442 1518 gratiosissime

74 1519 237 1584 concedat.

187 1607 258 1673 Nou
282 1609 431 1675 abhorreo
463 1611 594 1674 mortem
627 1610 659 1674 in
683 1612 856 1694 exequendo
879 1611 1023 1675 mandato
1054 1611 1226 1675 maiestatis
1251 1612 1371 1674 vestrae
1394 1628 1443 1676 sa·

76 1695 278 1762 eratissimos
301 1699 333 1762 et
355 1699 555 1762 contestando
584 1698 772 1764 immutabili
796 1700 955 1766 devotione
980 1717 1049 1763 mea
1072 1717 1146 1782 erga
1180 1716 1283 1762 meum
1306 1699 1443 1762 clemen·

75 1786 238 1849 tissimum
263 1785 437 1860 domiuum:
475 1805 595 1867 semper
617 1788 697 1851 enim
720 1790 846 1870 paratus
879 1807 977 1853 essem
1000 1788 1038 1851 ad
1070 1788 1234 1852 minimum
1269 1786 1442 1852 maiestatis

75 1877 202 1938 restrae
226 1879 337 1938 sacrat.
364 1877 471 1938 nutum
497 1874 641 1939 ultimam
665 1877 772 1956 gutam
797 1878 955 1959 sanguinis
975 1877 1035 1939 mei
1058 1875 1250 1957 profundere.
1283 1874 1352 1946 Sed,
1376 1875 1439 1939 ole-

77 1961 279 2027 mentissime
299 1963 484 2044 imperator!
509 1962 709 2027 contremisco
731 1966 764 2029 in
786 1965 851 2028 sola
868 1964 1127 2045 contemplatione
1152 1962 1438 2046 ignominiosissimi

77 2049 236 2114 transitus
261 2069 297 2114 er
317 2052 451 2115 haerita
475 2070 660 2131 parmenus
691 2052 804 2117 sicarii.
851 2052 935 2116 Eheu
970 2071 1018 2116 me
1042 2051 1189 2115 miserum
1213 2053 1245 2114 et
1267 2049 1439 2127 infelicem;

75 2140 200 2203 utinam
224 2157 379 2221 nunquam
403 2143 494 2204 natus
518 2139 566 2203 vel
589 2139 651 2203 iam
676 2141 747 2204 aute
770 2159 785 2206 e
809 2141 886 2206 vivis
910 2140 1028 2204 deletus
1052 2135 1198 2226 fnissemt

187 2224 437 2292 clementissime
467 2226 648 2310 imperator!
686 2227 811 2293 Carolus
845 2229 899 2292 ille
934 2245 1063 2310 maguus
1098 2228 1130 2292 in
1153 2226 1457 2308 comprobationem.

78 2333 154 2378 suaa
182 2316 357 2379 immensae
388 2315 536 2380 bonitatis
559 2319 591 2380 et
614 2316 839 2381 misericordiae
869 2316 1037 2382 exclamare
1068 2315 1204 2379 solebat:
1238 2313 1368 2396 „vellem
1406 2316 1438 2378 et

78 2407 221 2466 mortuos
245 2401 283 2467 ad
313 2405 409 2469 vitam
432 2411 586 2469 evocare.“
634 2403 698 2469 Non
723 2405 820 2469 minor
843 2407 874 2468 in
899 2405 1062 2470 maiestate
1089 2407 1191 2468 vestra
1224 2401 1437 2466 sacratissima

77 2493 207 2575 cognita
221 2493 252 2556 et
268 2495 425 2574 comperta
449 2511 570 2575 semper
592 2491 652 2556 fuit
668 2493 842 2558 elementia.
865 2493 964 2570 Nunc,
989 2491 1229 2556 clementissime
1251 2489 1438 2570 imperator!

77 2581 223 2644 exerceat
255 2580 509 2662 gloriosissimam
544 2580 834 2662 magnanimitatem
857 2599 944 2645 suam
968 2579 1000 2644 in
1031 2579 1240 2644 resuscitando
1263 2580 1436 2643 miserrime

77 2669 230 2751 perituro.
263 2669 439 2752 Agnoscam
463 2669 612 2734 vitamet
635 2687 702 2734 esse
726 2688 829 2734 meum
854 2669 992 2734 totaliter
1016 2669 1120 2733 debita
1142 2666 1324 2750 posideum
1349 2667 1441 2732 mise-

77 2755 233 2822 ricordiae
258 2758 432 2821 maiestatis
455 2761 592 2832 uestram
617 2759 808 2822 sacrosancte
832 2760 972 2838 spondeo,
997 2775 1053 2821 uec
1074 2757 1105 2822 iu
1128 2757 1276 2839 posterun
1297 2755 1443 2820 mihised

77 2844 243 2910 maiestati
265 2847 385 2909 vestrae
409 2845 509 2910 vivam
534 2845 741 2910 devotissime.
773 2845 889 2920 Gratia,
914 2846 1023 2928 pietas,
1058 2843 1275 2923 misericordia,
1308 2843 1443 2908 elemen-

78 2933 207 2998 tissimo
232 2933 416 3015 imperator!
440 2933 508 2998 Hac
530 2933 629 2998 solum
653 2933 728 3010 vice,
752 2953 805 3016 per
828 2933 1070 2999 sacratissimam
1094 2933 1269 2996 trinitatem
1292 2932 1442 3010 obtestor,

77 3021 261 3086 transacta
283 3041 333 3086 me
356 3022 436 3086 calix
459 3021 536 3096 iste;
561 3021 751 3104 impossibile
773 3021 936 3098 animast,
961 3025 996 3086 ut
1020 3020 1120 3104 spatio
1143 3021 1262 3103 aliquot
1284 3020 1441 3100 horarum,

77 3109 201 3176 viribus
215 3109 247 3173 et
258 3111 369 3192 spiritu
382 3109 558 3186 derelictus,
583 3110 703 3175 animae
726 3109 819 3175 saluti
845 3109 883 3174 ad
909 3109 1114 3176 sufficientem
1139 3107 1442 3190 providerevaleam.

188 3196 437 3262 Clementissime
468 3199 652 3279 imperator!
685 3199 835 3282 suscipiat
864 3198 983 3263 flebiles
1016 3197 1245 3281 deprecationes
1277 3214 1379 3274 meas,
1411 3196 1444 3261 et

76 3286 216 3371 gratiam
240 3287 321 3350 vitae
344 3287 375 3350 in
399 3285 640 3372 qualemcunque
653 3286 748 3350 aliam
772 3305 898 3368 poenam
924 3304 976 3368 pro
998 3285 1090 3351 libitu
1114 3283 1336 3368 benignissime
1358 3302 1441 3349 com·

76 3375 204 3439 mutare
228 3374 382 3458 dignetur.

188 3461 321 3539 Vellem,
345 3462 585 3529 clementissime
608 3462 794 3546 imperator!
818 3462 906 3545 plura
929 3461 1117 3546 perscribere
1140 3463 1173 3526 et
1195 3458 1440 3526 misericordiam

76 3551 264 3634 implorare;
300 3554 351 3615 ast
373 3569 446 3634 prae
469 3550 652 3616 lassitudine
680 3553 774 3616 miser
806 3569 920 3633 nequeo
975 3550 1080 3626 Fiui03
1115 3567 1151 3614 aa
1175 3551 1271 3614 vitam
1295 3551 1327 3613 et
1347 3549 1441 3614 finem

77 3641 166 3705 vitae
190 3657 277 3702 meae
300 3639 472 3704 maiestatis
495 3640 617 3705 restrae
640 3657 719 3704 sacr.
746 3639 929 3704 clementiae
952 3640 983 3703 et
1006 3637 1112 3721 pietati
1134 3637 1284 3702 submitto
1305 3638 1337 3701 et
1359 3654 1443 3701 eorn-

76 3729 183 3802 mitto,
217 3727 342 3808 cupiens
371 3729 473 3793 rivere
496 3729 529 3792 et
559 3727 637 3794 mori
670 3727 844 3792 maiestatis
867 3729 986 3792 vestrae
1009 3745 1088 3792 sacr.
1112 3725 1309 3790 humillimus
1333 3743 1441 3792 seruus

75 3819 109 3882 et
131 3813 334 3880 fidelissimus
359 3816 511 3893 subditus,
537 3817 646 3881 umbra
670 3817 786 3892 mortis,
810 3816 993 3880 Franciscus
1016 3814 1220 3898 Frangepani.

189 3901 274 3967 RS.
295 3903 353 3967 Die
377 3905 486 3968 martis
510 3903 585 3968 hora
609 3906 695 3968 serta
718 3905 832 3968 unctis:
857 3904 889 3969 in
913 3905 1099 3986 potestatem
1122 3901 1227 3967 iudicii
1251 3901 1445 3968 civitatensis

77 3993 173 4056 hodie
194 3991 394 4074 consignatus
410 4011 479 4056 sum
501 3994 532 4057 et
555 4011 611 4075 pro
623 3992 671 4056 die
683 3992 760 4058 iovis
785 3991 920 4074 proximo
942 3993 981 4057 ad
1006 3993 1138 4057 mortem
1162 3989 1360 4074 migraturus,
1383 3990 1444 4055 nisi

78 4083 157 4145 deus
187 4082 220 4144 et
242 4081 343 4162 gratia
371 4079 541 4145 maiestatis
569 4083 691 4145 restrae
721 4099 797 4145 sacr.
830 4080 878 4146 bis
907 4079 1130 4162 superresiduie
1160 4079 1244 4145 horis
1273 4098 1323 4145 me
1354 4081 1442 4144 rede-

78 4168 186 4233 merit.
210 4167 370 4232 Neostudii
394 4167 436 4232 28
459 4167 576 4251 aprilis,
599 4169 673 4234 hora
699 4170 733 4232 ll
762 4169 861 4233 noctis
888 4167 980 4232 1671.

188 4257 309 4332 Priapis
331 4276 352 4318 a
375 4259 519 4334 batlinias?
535 4260 682 4335 emesae.
707 4259 872 4332 obedentia
896 4277 918 4319 a
939 4258 1082 4334 Zaqrcbaa.

718 4448 808 4533 020.

79 4576 215 4654 roaolt.
246 4573 420 4636 UBedleom
450 4592 553 4635 novom
574 4575 689 4649 mjeeta.
731 4573 922 4637 Vloatorudnc
953 4577 1074 4650 aberae
1096 4576 1188 4636 Petro
1222 4575 1387 4654 Zeeasaopo
1409 4594 1447 4640 aa

325 4665 449 4738 ajcpoea
471 4660 665 4756 tamnocaajo
687 4665 791 4736 esebi,
813 4666 909 4740 aeojib
930 4665 1021 4740 deelib
1042 4667 1054 4724 i
1074 4665 1206 4726 eadbino'.

193 4785 233 4852 Sa
260 4785 345 4852 1000
367 4784 489 4870 vojuilra
518 4784 649 4867 potatae
672 4804 693 4850 u
715 4784 928 4870 Medjumnrju
951 4785 1038 4852 2000
1059 4785 1197 4867 Tureka,
1232 4787 1270 4852 od
1292 4786 1377 4872 lmjih
1401 4785 1445 4854 80
