3300 5248
1368 335 1411 400 95

67 505 194 569 colluvies
218 505 322 570 induri
347 508 458 588 posset,
484 507 536 572 sed
561 506 657 572 etiam
683 507 785 589 partes
809 507 880 572 illas
904 506 942 570 ab
966 506 1142 573 obedientia
1155 507 1260 572 debita
1277 510 1309 573 et
1320 511 1407 592 agni-

67 595 134 656 tione
156 596 269 672 nostra,
295 594 391 658 ueluti
413 594 530 658 domini
555 598 587 659 st
609 595 690 678 regis
708 594 755 657 sui
782 594 934 678 legitimi,
971 613 1032 660 666
1062 614 1167 659 seeum
1196 614 1342 677 magnam
1374 599 1405 661 in

67 698 193 744 66666666
216 683 249 746 66
272 681 387 745 auxilio
407 683 525 756 6666166
548 701 635 764 spem
658 685 814 764 ponentes,
840 683 979 745 resedere
1005 729 1037 746 ..
1063 682 1198 764 patriam
1223 683 1335 766 ipsam,
1361 685 1405 748 di-

66 773 137 831 ctum
157 768 302 832 videlieet
324 787 452 851 regnum
477 773 619 834 nostrum
641 768 820 834 Selauoniae
839 818 871 833 ..
901 771 938 833 ad
963 769 1166 834 deficiendum
1191 771 1353 854 impellere
1378 775 1409 836 et

65 854 135 936 turpi
156 855 350 920 infidelitatis
374 858 447 920 nota
471 858 628 921 maculare
653 859 832 921 niterentur.
859 855 958 937 Unde,
982 877 1019 921 ue
1045 857 1193 922 eiusmodi
1217 859 1408 939 perditorum

64 941 205 1007 bominum
217 943 386 1026 pestiferae
399 944 640 1026 conspirationes
657 995 663 1008 .
685 995 691 1008 .
713 945 834 1008 nomine
848 943 984 1008 eiusdem
1008 945 1095 1026 regni
1111 946 1210 1008 nostri
1227 943 1407 1011 Solavoniae

65 1030 171 1110 publico
194 1030 296 1095 166666
320 1050 387 1096 6666
410 1032 466 1096 666
487 1032 553 1095 fieri
576 1031 635 1095 6161
660 1033 814 1114 possent,“
840 1031 922 1095 idern
947 1033 1107 1114 episeopus
1130 1050 1194 1110 suo,
1225 1031 1317 1110 oleri,
1342 1035 1406 1099 666-

64 1121 137 1180 16666
160 1119 191 1182 66
213 1119 357 1182 ordinum
381 1119 504 1183 nomine
529 1121 635 1182 contra
659 1138 710 1182 eas
734 1120 924 1200 protestatus
948 1121 1005 1182 est.

104 1207 131 1266 U
148 1209 255 1268 artiora
279 1210 415 1269 6666166.
437 1211 551 1284 soeret.
573 1209 687 1268 Polo'la'c.
710 1209 764 1268 661.
788 1209 846 1288 IV,
866 1227 911 1267 ror.
935 1211 1008 1269 253.
1036 1207 1131 1282 Copia

685 1415 770 1498 135.

64 1561 142 1628 1670,
162 1561 204 1618 21
229 1559 345 1634 oe'ojto.
367 1556 437 1619 Bee'.
460 1561 609 1634 Leopoldo
633 1561 654 1620 1
672 1559 899 1634 opuoooolodduje
913 1576 994 1635 6666.
1019 1562 1146 1634 alsamo
1160 1562 1205 1620 M.
1227 1561 1407 1634 Borkovida,

63 1646 241 1707 6166666666
262 1647 296 1706 Ρ.
320 1646 473 1708 Zra'nslro'm
491 1665 512 1708 u
535 1650 733 1722 6666666166
754 1649 937 1721 raapruoljo.
979 1646 1121 1729 oaeooje,
1155 1650 1196 1709 da
1224 1668 1275 1710 mu
1297 1651 1405 1711 odmalo

524 1735 643 1809 posotje
671 1737 765 1794 66666
788 1736 921 1811 6666666.

149 1855 321 1939 Percepisti
343 1875 362 1920 a
386 1855 473 1920 nobis
497 1854 643 1920 oretenus
666 1855 815 1938 pluribus,
840 1855 913 1939 quid
946 1855 1069 1920 nomine
1092 1857 1194 1922 nostro
1218 1856 1325 1922 comiti
1348 1859 1407 1922 Pe-

61 1943 99 2005 tro
119 1943 152 2006 de
175 1943 279 2008 Zrinio
302 1943 475 2027 significem
499 1942 530 2006 id
553 1961 653 2020 omne,
674 1944 709 2008 ut
731 1943 759 2007 ei
782 1945 918 2025 proxime
949 1961 1101 2026 exponas,
1130 1946 1162 2009 66
1185 1945 1247 2010 iem
1270 1945 1356 2009 hisce
1372 1945 1405 2008 in

60 2030 157 2111 seripto
179 2033 210 2094 te
234 2033 408 2108 admonere,
433 2031 586 2113 simulque
609 2049 664 2113 pro
688 2031 912 2113 legitimatione
935 2032 1007 2095 tuae
1027 2049 1173 2113 personae
1196 2031 1403 2097 credentiales

60 2117 236 2182 adeundam
261 2137 416 2183 unacum
441 2117 527 2200 eopia
549 2119 716 2200 adiungere
739 2118 902 2194 voluimus,
935 2116 1012 2182 nihil
1043 2119 1254 2202 ambigentes,
1286 2121 1404 2184 dietum

60 2205 198 2284 sonitem,
224 2205 385 2271 intellecta
408 2209 513 2270 nostra
545 2206 575 2268 in
607 2224 677 2270 euru
708 2205 951 2270 clementissima
981 2208 1180 2288 propensione
1202 2209 1233 2271 et
1265 2209 1406 2272 conside·
1486 2248 1487 2255 .

59 2291 123 2354 ratis
145 2295 297 2357 maiorum
321 2312 445 2358 suorum
469 2293 620 2376 uestigiis,
645 2293 690 2356 ita
713 2311 745 2357 se
768 2311 800 2357 re
823 2293 889 2369 ipsa
911 2311 965 2375 pro
990 2294 1067 2357 bono
1089 2295 1245 2358 communi
1276 2295 1402 2377 religio·

59 2378 97 2440 nis
117 2381 146 2442 et
165 2380 283 2462 patriae
307 2380 527 2457 exhibiturum,
559 2383 650 2462 prout
680 2379 746 2444 sins
777 2379 906 2462 requirit
935 2379 1074 2444 debitum
1107 2382 1139 2444 et
1172 2384 1276 2445 nostra
1300 2382 1337 2447 de
1360 2400 1395 2446 eo

58 2470 213 2546 praesumit
236 2467 431 2533 confidentia.
456 2466 554 2546 Quem
576 2468 682 2545 etiam,
706 2467 733 2531 si
757 2468 882 2532 monitis
904 2467 1017 2532 uostris
1041 2467 1318 2546 obsecundarent,
1351 2487 1401 2532 se·

59 2569 150 2617 oumrn
172 2555 301 2620 reddere
322 2557 460 2638 poteris:
495 2573 549 2619 nos
573 2557 605 2619 et
636 2573 706 2620 eum
729 2555 761 2618 et
784 2573 890 2618 omues
922 2573 992 2620 suos
1024 2554 1176 2638 singulari
1204 2572 1349 2620 caesarea
1373 2556 1405 2621 ot

58 2640 129 2722 regia
148 2645 218 2724 grat
203 2644 250 2706 tia
272 2643 469 2708 sommendat
470 2660 503 2707 os
454 2641 697 2719 thobituros,
730 2644 928 2724 nostramque
954 2641 1136 2707 beneuoleut
1137 2642 1199 2706 iam
1234 2641 1299 2707 1666
1300 2641 1327 2706 16
1352 2644 1406 2707 de·

57 2730 276 2795 monstraturos.
301 2729 378 2795 Cum
401 2749 473 2795 vero
497 2729 648 2794 nominati
680 2729 803 2794 comitis
832 2748 1011 2812 responsum
1043 2749 1135 2812 quam
1166 2729 1302 2812 primum
1325 2731 1405 2796 66166

57 2830 203 2881 arsamus.
229 2818 344 2882 ideireo
366 2818 404 2881 de
428 2836 462 2881 eo
484 2835 538 2881 nos
557 2817 707 2918 probiane,
732 2818 827 2881 etiam
849 2836 903 2900 per
926 2835 1115 2918 expressum
1128 2835 1300 2891 cursorem,
1337 2837 1404 2883 eer-

61 2899 142 2967 66666
164 2905 282 2968 reddes.
307 2903 374 2982 Quo
397 2905 456 2969 tibi
483 2909 553 2987 grat
555 2905 617 2968 iam
642 2906 779 2968 nostram
805 2923 883 2968 6666.
908 2923 942 2968 66
966 2905 1083 2988 regiam
1107 2905 1138 2968 in
1162 2923 1251 2970 omne
1274 2906 1403 2990 tempus

57 2991 283 3056 corroboramus.
308 2992 446 3057 Viennae
470 2993 508 3055 21
529 2992 634 3056 martii
663 2991 754 3054 1610.
780 2992 953 3075 Leopoldus
977 3012 1018 3056 m.
1043 3011 1073 3074 p.

97 3079 124 3139 U
141 3081 300 3142 arsuooom
323 3084 431 3142 artavo
453 3100 474 3141 6
497 3080 587 3142 Beda.

684 3271 771 3354 136.

59 3412 200 3482 1671121
223 3413 341 3489 6666166.
365 3414 434 3476 Bed.
466 3415 614 3488 1666661616
640 3415 845 3489 1661666666
870 3415 963 3474 Petra
987 3413 1182 3485 Zsrirrsloomu,
1206 3415 1246 3473 da
1262 3415 1295 3489 jr
1317 3429 1399 3489 supr.

55 3497 164 3574 6161666
186 3503 234 3564 M.
256 3503 434 3573 Borkooo'da,
464 3503 672 3576 orodqjademu
702 3520 733 3562 se
755 3503 832 3572 6661,
857 3500 988 3570 noiolio,
1021 3503 1098 3560 66166
1127 3504 1292 3577 6666166666
1315 3504 1400 3576 oquae

96 3591 186 3648 oleari
206 3591 353 3652 oduosedo
375 3607 405 3651 se
428 3608 469 3650 66
485 3592 576 3664 ι16661
597 3593 657 3651 mir
678 3591 691 3649 o'
713 3591 871 3665 sipornost.
895 3588 1020 3662 0166666
1039 3589 1077 3647 oct
1101 3591 1189 3665 61666
1211 3592 1348 3664 ojemost.

143 3708 243 3775 Chare
268 3729 370 3776 comes
393 3711 523 3775 666161
554 3709 708 3776 Redeunti
739 3709 881 3809 episeopo
915 3707 1118 3791 Zagrabiensi
1141 3708 1180 3772 ad
1212 3727 1299 3774 suem
1324 3710 1402 3774 resi·

55 3790 174 3861 dentiam
198 3799 356 3877 commisi,
380 3797 563 3881 66666666Ι
554 3817 586 3863 66
610 3798 747 3863 transitu
770 3796 893 3862 nomine
918 3814 984 3860 meo
1013 3795 1165 3879 quaedam
1189 3796 1401 3885 6666611666-

54 3879 105 3945 tem
125 3887 155 3949 et
176 3887 380 3951 securitatem
404 3885 561 3986 publicam
585 3885 800 3951 concernentia
823 3884 912 3948 uobis
928 3885 1068 3965 exponat,
1092 3883 1170 3946 mibi
1184 3875 1315 3965 benigue
1331 3901 1401 3964 per·

53 3969 175 4052 suadens,
201 3974 286 4057 quod
309 3973 384 4039 dicti
407 3972 542 4056 episcopi
566 3972 767 4056 propositioni
794 3990 853 4037 non
880 3970 980 4036 solum
1003 3969 1136 4036 libenter
1159 3971 1283 4052 plenam
1305 3970 1399 4034 fidem

55 4055 222 4138 adhibeatis,
248 4079 356 4126 verurn
369 4061 401 4125 et
412 4061 485 4124 66116
471 4063 519 4127 ter
533 4060 675 4124 demoust
676 4059 796 4138 rabitis,
822 4060 913 4141 prout
914 4078 922 4120 6
899 4057 1074 4123 t'fidelitas
1097 4060 1129 4122 et
1149 4059 1269 4124 devotio
1285 4059 1400 4134 uestra,

53 4140 188 4213 laudabile
219 4148 261 4214 ad
293 4148 468 4230 exemplum
499 4147 650 4212 maiorum
672 4150 855 4224 vestrorum,
888 4165 1010 4228 semper
1041 4165 1114 4227 erga
1143 4165 1193 4210 mo
1223 4146 1419 4214 6666666666

53 4233 139 4315 exigit,
162 4239 193 4301 et
217 4253 290 4302 mea
314 4236 346 4298 in
369 4254 423 4300 ros
449 4236 597 4316 concepta
620 4235 732 4300 dduoia
754 4233 892 4317 requirit.
915 4233 960 4296 Do
985 4234 1105 4297 caetero
1121 4233 1221 4333 gratia
1241 4251 1310 4296 mea
1326 4251 1395 4297 oae-

53 4326 175 4388 sareaet
196 4323 285 4407 regia
316 4323 406 4389 robis
429 4341 598 4406 propensus
627 4339 800 4406 permaneo.
835 4321 970 4386 Viennae
994 4321 1032 4383 21
1061 4323 1142 4385 mart
1144 4320 1166 4383 ii
1128 4319 1285 4384 1.6670
1321 4320 1396 4388 Leo·

52 4406 143 4485 poldus
162 4431 203 4476 m.
229 4431 261 4495 p.

86 4499 154 4559 laio
