3306 5252
1347 383 1410 449 237

147 555 178 620 2,
204 553 357 622 Comitem
380 575 399 621 a
422 557 627 624 Tattembaob
650 559 855 637 subordinari,
881 558 953 641 quia
977 559 1115 641 pecunia,
1140 559 1236 624 armis
1260 561 1292 624 et
1308 559 1410 624 milite

50 659 99 722 pro
122 661 214 725 posse
237 663 292 710 suo
318 645 394 709 mibi
418 646 542 710 adstare
563 645 743 712 fidelissime
768 646 912 729 promisit
929 645 974 729 (in
989 665 1081 729 quem
1096 647 1190 712 finem
1207 650 1239 711 et
1253 647 1314 711 fuit
1330 647 1411 712 inter

49 731 125 810 ipses
148 731 214 814 liga
245 733 394 811 stabilito,
426 733 502 798 licet
532 752 568 798 ex
599 734 720 799 malitia
751 737 782 800 in
808 734 1003 817 obligatoriis
1033 735 1140 798 datum
1164 733 1356 818 ommieum),
1381 737 1413 799 et

48 817 106 880 inm
129 819 267 884 validam
291 822 417 904 majoris
441 825 472 884 et
495 822 623 887 minoris
652 822 835 887 conditionis
866 839 1063 904 personarum
1090 825 1324 904 comparaverat
1347 822 1411 887 fac-

49 905 171 984 tionem,
195 907 374 991 curavitque
398 907 476 974 mibi
500 908 569 988 dici,
598 910 792 992 quidcunque
816 910 848 973 in
871 911 974 974 animo
996 909 1126 973 habeam
1154 911 1235 974 inter
1255 911 1410 994 proximos

53 993 97 1056 14.
121 993 188 1059 dies
211 995 381 1060 executioni
404 996 597 1076 demandam,
615 1015 688 1062 nam
705 998 832 1081 posthac
847 996 1055 1062 frustraneum
1072 999 1132 1062 erit
1147 1000 1179 1061 et
1195 997 1254 1062 sibi
1271 998 1411 1080 provide·

50 1079 143 1160 bunt3
167 1082 258 1147 modo
274 1085 379 1149 autem
396 1085 562 1167 improvise
578 1085 721 1150 irruendo
741 1085 890 1150 facillime
911 1085 1184 1168 Rakerspurgium,
1202 1085 1361 1150 Petoviam
1379 1087 1411 1149 et

49 1168 210 1234 Graecium
233 1170 336 1253 ipsum
355 1189 528 1254 expugnare
540 1175 675 1256 possent,
696 1172 892 1256 etsiqoidem
905 1172 1008 1255 ipsum
1020 1173 1244 1256 incaptivatum
1257 1173 1408 1256 intelligo,

48 1257 137 1324 timeo
161 1277 199 1322 ne
222 1278 288 1323 rem
311 1260 464 1326 denuciet.

152 1362 181 1427 3.
206 1363 344 1430 Electori
367 1365 547 1448 moguntino
564 1365 595 1429 in
611 1366 710 1430 forma
728 1367 778 1430 sat
794 1363 900 1448 ampla
916 1365 1121 1440 intentionem
1138 1384 1240 1430 meam
1257 1383 1312 1449 pre
1327 1365 1409 1431 bono

49 1451 128 1534 regie
152 1449 327 1517 Galliarum
351 1452 533 1535 significavi.

151 1539 183 1603 4.
203 1539 364 1604 Residenti
379 1541 492 1624 gallico
508 1540 654 1606 Venetiae
678 1540 841 1624 perscripsi
862 1559 897 1605 ao
914 1559 1018 1606 meum
1035 1541 1264 1606 dominicanum
1280 1541 1408 1606 Petrum

50 1625 226 1710 Bargllium
243 1626 309 1710 (qui
324 1626 397 1693 ficto
409 1629 535 1693 nomine
551 1629 674 1693 abbatis
687 1628 856 1693 Palmarini
868 1628 899 1692 in
917 1628 1077 1693 Poloniam
1093 1629 1204 1714 iverat)
1221 1647 1255 1694 eo
1272 1628 1411 1712 expedivi

51 1731 102 1795 pro
126 1713 325 1779 sollicitando
347 1715 385 1781 de
408 1715 555 1798 peculiari
579 1715 717 1781 subsidio
739 1717 825 1780 iuxta
847 1717 1044 1799 promissum.

152 1803 185 1866 5.
209 1803 377 1868 Dominum
400 1801 563 1888 Saarlranp,
588 1803 652 1868 vico
676 1803 862 1887 generalem,
887 1803 1030 1868 comitem
1048 1805 1218 1869 Battbiauii
1241 1805 1279 1868 ad
1306 1823 1408 1870 meam

49 1889 127 1954 traxi
162 1889 368 1970 devotionem,
400 1893 452 1974 qui
487 1910 594 1956 omnes
628 1890 909 1980 illoslconlinarios
940 1891 978 1956 ad
1010 1911 1113 1956 meum
1143 1896 1253 1958 nutum
1284 1895 1410 1975 paratos

50 1977 176 2042 tenebit.

152 2065 182 2130 6.
207 2065 409 2148 Republicam
429 2066 578 2132 Venetam
601 2086 637 2132 ex
661 2067 752 2132 variis
784 2067 879 2132 etiam
903 2067 1094 2150 respectibus
1116 2066 1266 2150 instigare
1293 2067 1411 2143 curavi,

51 2151 183 2235 aliosque
206 2153 279 2219 hino
302 2154 373 2219 inde
396 2155 433 2218 ad
458 2155 703 2220 sublevationem
730 2154 890 2220 concitavi.

156 2240 244 2306 Unde
267 2239 326 2305 bae
350 2260 436 2307 meae
451 2243 642 2324 operationes
658 2241 764 2307 taliter
779 2243 912 2324 qualiter
928 2243 1017 2307 aulae
1029 2261 1188 2307 caesareae
1204 2243 1409 2323 innotescent,

50 2327 174 2392 landem
199 2329 318 2393 nnllam
341 2348 467 2412 possum
491 2348 613 2412 sperare
636 2330 870 2413 permusionem.
901 2329 982 2414 ilrgo
1013 2331 1148 2412 profecto
1171 2332 1335 2412 antequam
1351 2330 1408 2395 sic

50 2416 150 2480 carius
175 2417 240 2480 suis
265 2418 407 2482 manibus
430 2436 541 2500 corpus
566 2437 668 2482 meum
692 2417 881 2482 dellurdaret
904 2423 1041 2483 extrema
1064 2417 1165 2499 potius
1186 2420 1305 2481 tentare
1330 2418 1408 2483 volo.

50 2501 114 2566 lam
138 2503 220 2568 bona
243 2504 388 2569 universa
410 2507 511 2584 amisi,
532 2505 678 2570 bonorem
695 2507 727 2569 et
739 2506 962 2587 reputationem
979 2503 1146 2586 deperdidi,
1164 2507 1286 2569 unicum
1306 2508 1408 2588 caput,

50 2590 126 2672 quod
150 2593 229 2656 mibi
253 2594 348 2671 extat,
373 2593 566 2659 memorabili
589 2593 691 2675 aliqua
707 2594 826 2658 actione
849 2593 1019 2658 sacrificare
1041 2592 1138 2674 cupio.
1161 2591 1297 2656 Eatenus
1309 2591 1409 2656 filiurn

49 2696 152 2742 meum
183 2680 391 2745 intromittere
425 2681 548 2745 omnino
579 2681 708 2754 decrevi,
744 2683 776 2745 et
803 2681 830 2744 si
858 2680 1027 2745 necessitas
1063 2678 1275 2762 postulaverit,
1307 2680 1409 2762 ipsam

53 2764 143 2830 iidem
168 2767 422 2833 Mnbametanam
446 2768 591 2850 amplecti
615 2787 683 2832 sum
706 2771 848 2850 paratus;
880 2768 985 2832 taliter
1016 2768 1135 2832 salvum
1167 2787 1215 2830 me
1238 2768 1353 2845 tedam,
1379 2771 1410 2832 et

51 2870 172 2918 omnem
197 2874 378 2938 prosperum
395 2855 471 2922 mibi
488 2858 738 2938 compromittere
754 2874 879 2939 possum
896 2873 1081 2920 successum.
1099 2855 1223 2920 Etenim
1241 2856 1409 2920 Turcarum

53 2943 312 3020 potentiatribus
336 2944 534 3027 expertibus
562 2961 719 3007 caesareas
743 2944 871 3008 obruere
902 2944 1074 3025 provincias
1106 2943 1341 3009 determinavit:
1375 2963 1411 3008 ex

51 3045 110 3092 nna
139 3027 297 3114 Hungari‚
329 3031 545 3116 Transylvani,
578 3031 733 3113 Vallachi,
764 3030 916 3110 Moldavi,
948 3030 1068 3096 Tartari
1100 3031 1269 3109 inferiores,
1303 3033 1412 3097 bassae

54 3113 252 3183 Silistriensis
283 3121 315 3183 et
344 3120 424 3184 alter
461 3118 674 3193 Varadiensis3
713 3118 845 3183 istorum
877 3118 1029 3183 exercitus
1064 3119 1194 3200 impetet
1230 3121 1411 3198 Moraviam,

54 3201 194 3270 Silesiam
219 3208 252 3271 et
281 3206 477 3280 Remmiam,
500 3225 630 3289 quarum
655 3205 772 3271 incolae
798 3205 888 3270 facile
918 3207 1129 3271 extumescent
1154 3209 1185 3271 et
1208 3207 1413 3272 sublevabun-

51 3292 109 3355 tur.
144 3293 191 3356 Ex
215 3295 316 3359 altera
346 3314 507 3377 supremus
534 3295 658 3359 vinirius
686 3312 740 3357 suo
766 3292 970 3359 vallidissimo
1003 3295 1137 3358 exercitu
1167 3296 1275 3376 perget
1297 3293 1414 3358 directa

52 3379 99 3442 via
131 3380 172 3444 ad
204 3381 407 3447 obsidendam
441 3382 581 3461 Vienam,
621 3398 698 3464 quae
735 3383 829 3446 etiam
873 3381 1021 3447 destituta
1054 3382 1177 3446 auxiliis
1214 3382 1412 3446 succumbere

53 3463 186 3532 debebit.
216 3469 262 3534 Ex
290 3471 382 3534 tertia
403 3487 460 3554 ego
487 3469 552 3552 ipse
580 3489 651 3534 cum
675 3469 766 3533 bassa
788 3469 940 3548 besuensi,
976 3470 1148 3547 canisiensi,
1174 3469 1355 3553 poseghenei
1381 3470 1413 3533 et

54 3553 353 3640 berczeghcvaceusi,
393 3559 446 3640 qui
472 3559 535 3621 iam
572 3557 713 3622 effectivo
750 3576 786 3621 ex
826 3558 970 3621 mandato
1009 3557 1178 3621 Turcarnm
1218 3557 1412 3639 imperatoris

54 3642 190 3712 submeo
216 3647 398 3710 commando
421 3648 493 3710 sunt
513 3645 661 3728 deputati,
695 3645 849 3729 adjunctis
875 3645 970 3708 etiam
999 3645 1077 3708 meis
1105 3645 1248 3727 proprijs,
1273 3645 1411 3726 aliisque,

54 3748 181 3812 quorum
218 3752 363 3798 numerus
386 3733 518 3816 undique
548 3732 723 3804 conflueret,
759 3732 1014 3797 considerabilem
1044 3733 1220 3796 construam
1247 3737 1412 3811 armatam,

55 3819 84 3881 et
116 3819 148 3883 iu
184 3819 359 3886 convicinae
393 3821 614 3885 haereditarias
651 3821 822 3903 provincias
863 3819 1028 3899 irruerem,
1069 3839 1144 3902 quas
1179 3821 1263 3884 certo
1298 3823 1413 3884 certius

55 3905 89 3968 ob
125 3907 224 3972 solam
255 3909 506 3974 condonationem
541 3908 852 3974 extraordinariorum
888 3909 1120 3990 impositionum
1149 3906 1214 3970 sino
1242 3907 1306 3972 ulla
1336 3907 1413 3970 resi·

55 3995 168 4060 stantia
202 4013 351 4078 occupare
384 4015 528 4080 possem;
564 4015 635 4061 uam
672 3997 703 4060 in
725 3993 837 4081 ‘Styria
877 4012 970 4077 quam
1004 3996 1129 4080 plurimi
1164 3994 1250 4060 flexis
1283 3994 1412 4078 genibus

57 4085 219 4164 expectant
247 4083 457 4150 occasionem:
486 4085 517 4148 in
549 4084 706 4150 Carniolia
736 4084 857 4148 nullum
889 4083 986 4147 babeo
1009 4083 1149 4163 dubium,
1173 4085 1305 4166 ipsemet
1328 4083 1413 4167 prin-

58 4187 128 4252 cepe
151 4171 192 4235 ab
215 4171 401 4256 Auersperg,
425 4173 463 4236 de
485 4171 557 4236 aula
579 4173 712 4255 pessime
735 4173 897 4237 contentus
913 4173 944 4236 et
966 4171 1134 4236 vindictam
1158 4171 1306 4248 ambiens,
1331 4171 1413 4236 ultro

57 4276 86 4321 sa
109 4257 226 4332 offeret,
257 4261 346 4344 cujus
377 4261 519 4342 respectu
549 4259 646 4325 frater
672 4260 777 4338 etiarn,
811 4259 1033 4342 multomagis
1063 4259 1183 4342 reliqui,
1206 4259 1412 4324 libentissime

58 4347 256 4425 consentient,
293 4347 373 4412 unde
412 4351 444 4413 et
472 4347 528 4413 illa
558 4347 643 4413 brevi
675 4347 821 4429 temporis
848 4347 949 4430 spacio
977 4347 1017 4412 ad
1040 4367 1150 4411 manus
1173 4346 1357 4426 devolveret,
1382 4346 1414 4411 et

57 4435 146 4498 credo
169 4435 246 4501 haec
269 4437 372 4500 omnia
395 4436 477 4501 inter
508 4454 540 4500 se
572 4437 655 4520 ipsos
687 4435 748 4500 iam
773 4435 958 4514 concertata,
982 4455 1038 4500 nec
1062 4435 1145 4499 aliud
1170 4437 1331 4517 expectare
1354 4433 1414 4498 nisi

58 4521 99 4585 rei
123 4523 317 4606 principium.
341 4525 449 4608 Itaque
473 4525 596 4590 domine
619 4525 723 4602 irater,
755 4540 902 4606 generoso
930 4524 1032 4588 animo
1063 4523 1261 4604 disponamus
1289 4523 1415 4605 pectora

57 4611 160 4674 nostra
182 4611 220 4676 ad
242 4612 320 4677 hanc
342 4612 520 4694 impresam,
553 4631 613 4677 non
636 4613 725 4678 adest
747 4613 827 4677 alter
851 4613 958 4676 modus
982 4612 1113 4695 gloriam
1137 4612 1168 4675 et
1189 4611 1414 4694 reputationem

56 4699 185 4781 assequi,
210 4700 312 4764 miuus
347 4717 419 4765 vero
454 4699 662 4766 conditionem
684 4702 822 4765 nostram
847 4700 884 4765 ad
907 4699 1018 4765 altiora
1041 4699 1201 4765 sublevare
1224 4717 1323 4783 pesse.
1347 4698 1413 4763 Neo

54 4787 179 4854 deerant
201 4787 340 4854 damnati
362 4787 513 4868 homines,
536 4788 589 4872 qui
610 4789 688 4853 banc
711 4789 839 4872 impiam
863 4789 895 4854 ot
913 4806 1090 4871 perversam
1109 4787 1312 4854 intentionem
1335 4786 1412 4852 totis

52 4875 173 4946 foveant
195 4877 316 4946 viribus
337 4894 373 4944 ao
396 4877 562 4945 cordicitus
587 4876 842 4946 adhortabantur.
