3300 5248
215 337 278 402 116

212 531 300 578 suam
312 528 487 578 caesaream
500 511 532 576 et
543 511 660 594 regiam
673 511 877 576 maiestatem.
900 509 1049 589 Secundo,
1070 509 1128 574 hoc
1146 509 1269 574 crimen
1282 527 1350 574 esse
1366 509 1531 588 notorium,
1545 509 1575 572 et
1633 509 1634 594 l

212 601 385 666 etiamnum
408 599 552 664 comitem
577 617 609 663 se
625 617 806 682 praeparare
828 599 865 663 ad
881 597 1066 664 inuadendos
1077 596 1278 662 fidelissimos
1301 596 1491 681 regnicolas,
1504 597 1575 661 sub·
1633 615 1634 628 ¹

212 689 291 754 ditos
315 689 347 754 et
369 686 540 770 prouinciae
564 705 638 750 suae
661 685 844 752 maiestatis.
868 685 982 765 Tertio,
1003 704 1091 750 suam
1115 683 1315 751 maiestatem
1340 683 1515 767 constringi
1538 683 1573 748 ob
1633 689 1634 718 ³

213 795 369 841 summum
393 793 496 840 morae
519 774 692 858 pericnlum
715 775 801 838 tanto
825 774 907 838 malo
928 773 1054 838 obuiare
1076 774 1194 856 quanto
1226 772 1328 849 coine,
1362 775 1396 838 et
1430 771 1497 836 ideo
1517 789 1574 836 non
1633 823 1634 856 3

212 863 377 928 admittere
401 861 547 945 temporis
571 861 766 946 angustiam,
798 864 833 926 ut
863 863 1066 927 convocentur
1099 859 1186 944 regni
1220 859 1368 940 comitia,
1394 862 1431 925 ut
1461 859 1493 924 in
1516 859 1573 936 his,

211 951 261 1016 vel
283 951 439 1016 mediante
462 967 616 1034 processu,
640 951 747 1014 eontra
771 949 888 1014 dictum
912 950 1059 1014 comitem
1082 947 1309 1032 procederetur.
1343 947 1447 1014 Saluis
1471 947 1574 1030 itaque

210 1040 389 1103 decaetero
412 1037 639 1123 regnilegibus
663 1038 694 1101 et
721 1036 891 1120 privilegiis
921 1056 1010 1102 suam
1040 1035 1235 1101 maiestatem
1258 1035 1377 1120 regiam
1402 1034 1572 1112 declarare,

210 1129 331 1210 quarto,
356 1126 473 1192 dictum
497 1126 641 1191 comitem
667 1143 752 1189 reum
774 1123 994 1204 infedelitatis,
1022 1124 1125 1189 laesae
1156 1124 1332 1189 maiestatis
1363 1123 1396 1188 et
1431 1121 1574 1206 perduel-

209 1213 320 1291 lionis;
344 1213 499 1279 declarare
523 1215 656 1295 insuper,
681 1213 760 1295 qnod
785 1213 931 1277 exciderit
954 1211 1099 1276 omnibus
1121 1210 1242 1290 officiis,
1275 1211 1394 1276 bonore
1417 1216 1451 1275 et
1472 1210 1573 1294 digni-

208 1301 336 1379 tatibus,
361 1301 544 1384 prnesertim
567 1319 639 1365 uero
661 1300 798 1365 bannatu
817 1297 971 1378 croatiae,
995 1298 1076 1383 quod
1099 1299 1203 1364 omnia
1231 1298 1296 1363 eius
1334 1299 1414 1364 bona
1438 1297 1503 1363 sint
1523 1315 1574 1362 oa-

210 1389 288 1454 duea
310 1389 343 1452 et
365 1387 496 1454 comissa
519 1389 552 1452 et
573 1387 675 1471 regiae
698 1405 837 1453 camerae
861 1387 1094 1470 incorporanda,
1122 1405 1194 1452 eum
1219 1385 1322 1451 etiam
1346 1385 1497 1451 declarari
1520 1404 1574 1469 pto

209 1476 336 1540 bannito
359 1477 391 1539 et
413 1475 601 1559 proscripto,
638 1493 810 1558 magnoque
833 1475 970 1559 praemio
993 1474 1180 1554 donandum,
1216 1475 1390 1558 quicunque
1421 1491 1492 1538 eum
1524 1473 1574 1539 nel

213 1562 331 1642 uiuum,
354 1561 405 1626 uel
427 1563 584 1628 mortuum
608 1562 812 1646 consignabit.

314 1665 510 1732 admonendi
532 1685 638 1732 omnes
661 1668 844 1751 regnicolae,
880 1669 989 1733 vasalli
1014 1670 1046 1733 et
1068 1666 1185 1734 subditi
1209 1685 1283 1732 suae
1309 1667 1512 1747 maiestatis,
1537 1686 1573 1732 ne

208 1755 281 1820 huic
303 1754 400 1819 ullam
423 1755 506 1819 ultra
529 1755 689 1840 praestent
711 1755 916 1821 obedientiam
934 1756 990 1821 sub
1007 1774 1104 1839 poena
1120 1754 1314 1820 infidelitatis
1342 1757 1374 1819 et
1401 1755 1574 1820 maiestatis

208 1841 583 1908 laesaePromittendum
607 1843 692 1907 illius
716 1844 860 1922 subditis,
884 1861 946 1923 eos,
971 1843 998 1907 ei
1020 1842 1146 1926 pacifice
1158 1841 1303 1920 vixerint,
1329 1859 1386 1906 nec
1400 1859 1488 1906 arma
1504 1861 1573 1907 cum

209 1930 317 2004 Serino
340 1931 533 2009 sociaverint,
557 1930 596 1995 ab
619 1930 703 1995 omni
726 1930 840 1996 iniuria
852 1932 907 1996 aut
929 1930 1003 1996 belli
1021 1930 1201 1996 calamitate
1217 1929 1439 1995 defendendos.
1463 1930 1573 1996 Decla-

207 2019 295 2084 randi
317 2017 448 2101 denique
471 2036 525 2102 pro
549 2017 716 2083 rebellibus
732 2035 836 2083 omnes
855 2018 939 2083 illius
952 2018 1127 2101 complices,
1152 2017 1228 2083 socii
1252 2016 1464 2082 eteuxiliarii.
1489 2018 1572 2082 Data

209 2105 300 2170 huius
323 2105 554 2188 proscriptionis
578 2107 684 2189 posset
706 2107 777 2188 poni
810 2107 848 2170 ad
876 2105 1058 2171 hodiernum
1080 2106 1172 2170 diem.
1205 2103 1404 2188 Erpedienda
1440 2106 1490 2170 est
1511 2123 1573 2170 ser·

208 2211 298 2258 mone
319 2191 434 2272 latino,
469 2194 500 2257 et
523 2192 549 2257 si
573 2193 638 2257 lieri
662 2195 767 2276 posset
789 2193 884 2273 ocius,
908 2193 1012 2276 aliqua
1034 2192 1220 2276 exemplaria
1252 2192 1349 2258 etiam
1372 2191 1404 2256 in
1427 2191 1575 2277 lingua

209 2279 464 2346 sclavonica.

311 2367 422 2433 Omnia
445 2367 607 2452 requirunt
630 2386 783 2434 summam
807 2369 1010 2447 celeritatem,
1035 2387 1108 2432 narn
1143 2368 1279 2433 crastino
1312 2366 1413 2433 abibit
1447 2369 1487 2434 ad
1511 2387 1575 2433 me·

208 2455 317 2521 ridiem
340 2455 552 2534 cancellarius,
576 2455 717 2521 nonnisi
744 2459 814 2540 post
836 2459 951 2540 pascha
974 2473 1162 2522 reuersurus.
1190 2455 1267 2520 Vale
1291 2455 1323 2520 et
1345 2453 1473 2537 festina,
1498 2457 1570 2522 tune

209 2543 506 2627 obsequentissimus
531 2544 655 2609 Hoeher
679 2563 721 2608 m.
733 2563 763 2627 p.
791 2543 927 2610 Viennae
951 2542 993 2608 29
1016 2542 1122 2608 martii
1150 2543 1241 2608 1670.

312 2631 479 2698 lavana:
503 2631 604 2695 Herm
628 2629 834 2715 Christophen
857 2630 994 2708 Abelen3
1018 2649 1054 2696 au
1078 2630 1167 2713 eigen
1189 2630 1322 2696 handen.

874 2821 904 2878 b.

212 2931 358 3005 Uparelaop'
381 2947 412 2990 ac
434 2929 611 3004 tencaturip'i
633 2949 654 2990 u
675 2932 732 2990 a'me
755 2932 856 3005 truljo
878 2932 1030 3004 Laopotda
1052 2930 1167 3001 ablata
1191 2931 1231 2991 da
1256 2931 1359 3005 dolaje
1381 2931 1513 2992 aoredbc
1530 2932 1573 2992 ie·

207 3018 283 3078 dade
302 3017 384 3093 piade
407 3018 595 3089 imeaoourp‘o
618 3019 743 3077 boastib
774 3019 983 3092 aaopcelailro,
1015 3020 1143 3093 biscopo
1164 3019 1210 3077 Μ.
1234 3018 1404 3080 Bortooida
1434 3022 1469 3079 ia
1495 3021 1571 3079 iuri-

533 3105 615 3185 dicis,
638 3123 683 3180 pr.
706 3107 819 3166 Nikola
840 3106 979 3166 Erdddio
1001 3108 1034 3166 ia
1056 3108 1247 3168 maeroribus.

311 3223 545 3291 Sacratissimao
568 3242 728 3289 caesareae
760 3243 796 3290 ac
827 3227 930 3309 regiae
961 3225 1135 3292 maiestatis
1158 3226 1275 3290 domini
1307 3225 1406 3290 nostri
1437 3225 1575 3292 clemen-

206 3314 322 3379 tissimi
347 3313 479 3391 nomine,
504 3311 705 3377 cancellariae
728 3312 946 3396 aulico-regiae
970 3313 1167 3396 Hungaricae
1186 3312 1271 3377 hisce
1299 3313 1487 3396 perbenigne
1509 3314 1574 3398 eig-

204 3400 400 3466 nificandum.
425 3397 572 3466 Constare
595 3399 695 3466 eidem
720 3419 812 3483 quam
844 3401 979 3482 optime,
1013 3401 1143 3484 quibus,
1173 3417 1330 3482 quamque
1361 3401 1510 3484 gravibus
1534 3402 1573 3467 de

205 3488 306 3552 causis
330 3487 482 3552 altissime
506 3489 677 3553 memorata
699 3507 755 3553 sua
778 3487 926 3571 majestas
952 3489 1079 3553 Petrum
1102 3487 1250 3553 comitem
1275 3487 1313 3551 de
1341 3487 1424 3566 Zrin,
1450 3488 1490 3553 ob
1512 3491 1573 3555 ori-

202 3593 275 3639 men
298 3592 407 3657 nempe
430 3573 532 3639 laesae
556 3575 740 3659 mejestatis,
774 3575 994 3660 perduellionis
1017 3579 1110 3659 atque
1133 3574 1342 3654 infidelitatis,
1374 3575 1407 3639 in
1439 3577 1573 3643 eandem

204 3659 413 3745 compluribus
437 3663 536 3727 modis
560 3665 770 3743 commissum,
795 3663 937 3729 omnibus
949 3661 1069 3743 ciliciis,
1091 3662 1271 3741 honoribus,
1296 3661 1480 3748 privilegiis,
1509 3665 1571 3731 im·

204 3749 482 3833 munitatibusque,
507 3754 539 3814 et
561 3753 744 3833 praesertim
780 3752 910 3817 banatns
934 3752 965 3815 in
989 3749 1114 3816 Oroatia
1148 3751 1180 3815 et
1203 3750 1366 3816 Sclavenia
1396 3753 1519 3816 exuerit
1543 3756 1576 3820 et

203 3837 382 3921 privaverit,
405 3840 497 3920 atque
513 3838 661 3902 rebellem
675 3838 923 3922 proclamaverit,
947 3839 1235 3923 proscripseritque.
1261 3837 1340 3917 Quia
1357 3857 1464 3904 varum
1481 3859 1575 3922 prae·

203 3944 273 3990 sens
295 3944 398 3991 rerum
423 3925 525 3989 status
548 3927 639 4008 atque
662 3925 830 3989 necessitas
862 3927 986 3991 omnino
1009 3927 1123 4010 erigit,
1158 3945 1196 3990 ne
1214 3925 1315 3991 hocce
1344 3926 1478 3992 bonatus
1503 3928 1574 3993 oiii·

203 4013 285 4077 cium
308 4014 361 4078 diu
384 4012 490 4092 vacet;
526 4012 579 4076 sed
600 4011 756 4076 nominato
780 4012 900 4092 Zrinio,
932 4012 971 4077 ad
1000 4013 1124 4097 quasvis
1156 4011 1353 4079 confusiones
1384 4032 1574 4096 praecaven-

202 4098 268 4180 dae,
294 4119 385 4184 quam
410 4097 546 4181 primurn
572 4097 652 4162 alins
674 4097 794 4163 fidelior
817 4101 849 4164 et
873 4099 1023 4184 integrior
1047 4103 1105 4166 boc
1128 4101 1159 4166 in
1190 4120 1316 4167 munera
1342 4101 1573 4186 substituatar;

202 4190 363 4271 eapropter
388 4185 537 4251 maiestas
560 4203 616 4250 sua
638 4185 859 4269 benignissime
882 4206 949 4252 sese
972 4189 1115 4269 resoluit,
1148 4191 1180 4255 et
1219 4188 1368 4255 banatum
1391 4193 1474 4254 hunc
1499 4211 1573 4277 reg-

203 4292 310 4339 norum
334 4273 475 4340 Oroatiae
499 4276 530 4338 et
555 4273 733 4339 sclavoniae
757 4272 788 4336 in
807 4273 945 4339 iuridicis
976 4275 1102 4359 quidem
1125 4276 1249 4342 domino
1286 4276 1428 4361 episcopo
1453 4277 1573 4364 Zagru-

203 4359 310 4440 biensi,
335 4362 485 4444 tanquam
505 4361 592 4444 regni
615 4358 701 4424 illius
725 4361 861 4443 primati,
886 4363 917 4425 in
934 4362 1122 4429 militaribus
1138 4383 1209 4429 vero
1233 4366 1264 4429 et
1295 4363 1417 4430 bellicis
1440 4364 1570 4434 domino

202 4445 329 4512 Nicolao
355 4449 461 4513 comiti
485 4447 627 4524 Erdeodi,
653 4449 812 4531 capitaneo
835 4449 1029 4528 Petrinienei‚
1053 4451 1146 4518 dueta
1162 4451 1287 4532 ,eximia
1309 4451 1472 4536 utriusque
1496 4454 1571 4535 fide,

201 4531 371 4614 devotione,
395 4534 587 4614 dexteritate,
611 4535 704 4618 atque
728 4534 889 4617 prudentia
920 4556 1161 4620 saepenumero
1187 4539 1407 4622 comprobata,
1439 4559 1499 4622 pro
1524 4544 1573 4610 in-

201 4618 293 4684 terim
317 4623 348 4684 et
370 4623 538 4702 provisorio
562 4624 651 4688 modo
673 4621 816 4700 contulit,
839 4622 948 4689 iisdem
977 4626 1081 4691 omnia
1101 4627 1174 4692 huic
1194 4627 1315 4692 muneri
1338 4645 1457 4692 annexa
1493 4629 1572 4711 iura,

198 4707 412 4773 immunitates
436 4711 467 4772 et
489 4709 649 4792 privilegia
672 4728 726 4794 pro
750 4710 889 4792 tempore
912 4711 971 4776 hoc
1000 4711 1215 4796 impertiendo.
1239 4715 1287 4781 De
1310 4731 1373 4800 qna
1395 4714 1467 4782 beni
1481 4720 1574 4804 gnis·
