3306 5252
221 329 286 398 246

216 507 331 575 fuisset
352 507 515 582 retractus,
541 507 689 586 notiorem
714 505 833 589 partem
848 504 934 589 regni
959 501 1123 571 habuisset
1146 521 1321 589 sequacem.
1345 503 1387 570 Hi
1404 521 1512 570 omnes
1535 521 1587 568 ιιι-

215 595 337 680 prefati,
361 594 601 663 clementissime
624 596 802 676 imperator,
821 597 894 659 sunt
909 591 1042 659 effectivi
1065 592 1209 658 oiiitiales
1226 593 1312 675 regni
1328 597 1360 657 et
1375 591 1512 668 banalas,
1529 591 1586 654 snb

218 685 287 768 ejus
315 683 498 749 commando
521 683 697 760 existentes,
723 682 785 765 qui,
810 688 845 746 ut
869 700 974 746 verum
1008 680 1120 758 dicam,
1155 680 1276 746 seducti
1298 681 1399 762 potins
1430 678 1587 744 simulatis

217 772 334 837 domini
359 772 432 837 bani
452 769 722 848 declarationibus,
746 787 839 852 quam
863 769 1027 834 voluntarii
1052 771 1321 846 accensensernnt,
1342 767 1586 849 quamprimum

216 861 322 925 autern
355 859 386 923 in
422 857 564 924 realitate
597 856 794 921 diversema
826 856 926 920 verbis
965 859 996 920 et
1020 855 1109 937 plane
1130 855 1364 920 inchristianam
1386 853 1587 938 cognoverint

217 946 334 1011 domini
366 946 437 1010 bani
464 944 678 1022 intentionem,
710 943 888 1008 immediate
919 943 1083 1008 retractari
1112 946 1288 1026 coeperunt,
1321 944 1353 1007 et
1376 960 1409 1006 se
1432 943 1530 1006 denuo
1554 941 1587 1004 in

217 1033 391 1098 maiestatis
416 1033 545 1098 Vestrae
567 1031 793 1097 sacratissimae
817 1029 1002 1094 fidelitatem
1025 1048 1060 1095 ac
1083 1030 1277 1094 devotionem
1299 1031 1503 1107 insinuarunt,
1529 1047 1586 1092 nec

218 1121 250 1185 in
278 1123 437 1202 posterum
464 1120 500 1184 de
521 1118 676 1183 constanti
711 1136 747 1182 ac
781 1118 984 1182 incctaminta
1014 1136 1119 1183 eorum
1153 1119 1376 1200 permansione,
1400 1117 1449 1181 vel
1472 1117 1503 1179 in
1525 1115 1586 1179 mi·

217 1205 301 1272 nimo
328 1210 376 1272 est
397 1205 612 1285 dubitandum,
637 1207 762 1288 dempto
785 1204 1019 1287 Bnlroraczlryo,
1043 1206 1095 1287 qui
1114 1222 1174 1269 una
1197 1223 1268 1269 cnm
1285 1223 1376 1269 uxore
1396 1202 1426 1267 in
1443 1203 1588 1267 Tusciam

219 1294 257 1359 ob
291 1294 443 1379 generalis
474 1293 744 1359 carolostadiensis
774 1294 1017 1374 persecutionem
1057 1292 1219 1373 desperate
1257 1291 1400 1374 profugit,
1433 1294 1466 1354 et
1495 1289 1587 1354 modo

217 1382 303 1447 iuxta
324 1381 463 1465 proprias
486 1381 618 1459 litteras,
642 1399 719 1463 quas
743 1379 885 1444 dominns
908 1380 1004 1445 banus
1035 1379 1138 1456 habet,
1163 1380 1333 1444 Turcarnm
1356 1379 1586 1461 imperatorem,

217 1469 255 1534 ut
277 1471 309 1534 et
324 1487 500 1552 supremum
524 1468 672 1532 venirium
684 1467 831 1532 reiterato
844 1467 929 1532 adire
952 1467 1067 1532 debuit.
1091 1468 1125 1531 In
1149 1466 1266 1550 reliquo
1289 1467 1327 1531 de
1349 1466 1492 1530 ulteriori
1515 1483 1585 1528 con-

215 1557 390 1638 spiratione,
415 1558 469 1620 aut
499 1554 672 1638 ubicunqne
694 1554 896 1619 existentibus
919 1553 1132 1637 complicibus,
1147 1557 1340 1620 sacrosancte
1362 1554 1439 1631 iuro,
1466 1553 1585 1617 nnllam

217 1661 343 1726 prorsus
366 1642 462 1708 habco
485 1643 640 1707 notitiam.

324 1731 363 1795 Ia
388 1748 507 1796 rana:
532 1728 649 1808 Quarta
672 1729 821 1795 confessio
845 1728 968 1796 comitis
991 1728 1186 1813 Frangepan.

265 1820 344 1882 Jao.

649 2053 742 2124 1670,
766 2053 785 2109 4
808 1923 934 2123 suitgru‘o.
958 2049 1156 2126 Loacmbary.

319 2169 456 2253 Lcopold
488 2169 627 2252 odpisuje
662 2171 726 2235 bar.
764 2169 881 2236 Gcessu
917 2188 957 2234 na
992 2170 1119 2254 njegoro
1141 2169 1244 2255 pismo
1277 2170 1317 2234 od
1340 2170 1379 2233 21
1406 2168 1530 2252 travnja
1559 2168 1585 2232 iz

215 2257 343 2325 Berlina
363 2258 454 2342 glede
476 2257 598 2341 pomoc‘i
627 2257 666 2321 od
697 2258 801 2322 strane
833 2258 1131 2340 brandeubnrtlrcga
1163 2257 1261 2322 laneca
1288 2257 1370 2340 proti
1394 2256 1581 2332 urotnikom,

218 2367 239 2412 ιι
263 2346 374 2412 smislu
398 2347 477 2411 lanc
502 2366 521 2410 u
545 2345 647 2427 pismu
670 2345 709 2410 ud
732 2345 752 2409 2
776 2345 906 2428 svibnja.

322 2433 352 2498 U
374 2433 469 2498 istom
490 2432 600 2498 smislu
623 2433 690 2515 pite
713 2450 766 2496 cur
786 2433 965 2498 inbornomn
989 2432 1085 2498 lrnczu
1110 2432 1342 2512 sukscnslromn,
1379 2431 1429 2514 lroj
1457 2451 1510 2496 mu
1534 2430 1584 2495 bio

218 2521 325 2605 pomot
348 2519 460 2587 obedao
479 2521 550 2585 lrroz
573 2538 667 2603 svoga
689 2519 852 2604 poslanilra
875 2521 1032 2600 Hermann
1056 2538 1113 2585 von
1139 2519 1422 2586 Wolfrumbsdorrr.
1640 2589 1641 2596 ,

322 2607 349 2674 U
374 2610 468 2674 istom
489 2608 598 2672 smislu
623 2607 776 2690 odgorara
808 2626 859 2672 car
892 2609 1096 2692 mogntkomu
1129 2609 1306 2673 izborncmn
1328 2607 1427 2672 knenu
1450 2626 1491 2672 na
1513 2606 1579 2690 njo-

214 2713 292 2780 goro
315 2695 415 2777 pismc
439 2695 477 2760 od
501 2696 544 2758 30
567 2694 687 2777 otujlra.

249 2857 253 2866 .
318 2782 348 2847 U
369 2783 463 2847 istem
487 2782 598 2847 smislu
625 2782 690 2863 pite
706 2781 842 2847 Plumbu
860 2781 1079 2867 odgorarajuc'i
1103 2803 1142 2848 na
1164 2782 1296 2867 njegova
1319 2784 1419 2865 pisma
1436 2781 1475 2846 od
1493 2781 1524 2862 3,
1546 2785 1579 2844 11

213 2870 224 2935 1
251 2869 290 2932 15
314 2869 435 2954 trarnje
458 2870 490 2934 te
513 2867 735 2951 preporndnjuc'
763 2889 825 2949 mu,
860 2871 899 2934 de
926 2889 959 2935 se
992 2889 1012 2936 ιι
1044 2871 1174 2954 njegoro
1207 2873 1270 2936 ime
1293 2869 1413 2936 zahrali
1435 2870 1582 2934 saslomu

213 2951 319 3035 knenu,
345 2957 395 3040 lroj
421 2956 512 3040 izjari
538 2957 625 3040 svoju
649 2974 684 3022 za
706 2956 816 3039 pomod
841 2957 1051 3041 priprarnost.

258 3045 341 3106 zoio.

859 3151 948 3234 393.

217 3277 311 3346 1670,
335 3278 355 3334 4
377 3277 506 3350 sultano.
528 3275 599 3337 Bet.
621 3275 1003 3350 Ι1111111311ιιοιῑιιιιιἹι1011
1018 3277 1142 3353 tedtooc
1157 3277 1251 3337 deora
1266 3277 1435 3351 acdbislcap
1450 3275 1584 3337 Antonio

211 3363 370 3438 iaojeddeo'c
392 3366 498 3424 remulci
520 3364 592 3423 door
607 3381 623 3423 o
638 3365 753 3424 sicaria
769 3382 790 3421 ιι
810 3365 930 3438 9011101
958 3364 1113 3443 Ugorslcoj,
1138 3382 1155 3424 o
1177 3369 1302 3425 rotoma
1320 3366 1333 3423 ι’
1348 3367 1477 3439 imcrrjilr
1494 3365 1584 3425 Petro

460 3451 626 3526 Zrioelroga
649 3454 660 3510 i
684 3453 736 3511 11.
762 3451 968 3526 Frontopcna
991 3454 1003 3510 ι’
1025 3453 1196 3526 oaeajsta'ir
1218 3454 1349 3515 askarih.

319 3569 345 3634 Ε
378 3570 551 3636 sontendosi
584 3590 693 3637 ancora
724 3571 753 3636 le
776 3571 905 3656 regioni,
936 3591 990 3654 per
1020 3570 1049 3636 le
1078 3572 1159 3655 quali
1189 3571 1354 3649 l’Abbaii'r,
1379 3572 1521 3655 principe
1550 3572 1584 3648 dt
1638 3555 1639 3579 ¹

214 3655 436 3737 Transilvanr'a,
454 3677 513 3723 non
535 3678 626 3741 possa
648 3679 685 3724 ne
708 3660 812 3744 roglia
836 3661 982 3724 assistere
1006 3659 1037 3724 al
1060 3659 1192 3742 Ragocai
1210 3658 1382 3743 (come-pur
1398 3662 1424 3724 si
1441 3661 1580 3742 mctird),

214 3763 268 3826 per
291 3745 386 3809 haren
408 3745 545 3811 riceruto
575 3749 686 3812 lettere
715 3747 754 3812 da
788 3748 854 3813 suoi
890 3748 1028 3829 deputati
1061 3747 1123 3812 alla
1156 3747 1262 3825 Porta,
1295 3747 1351 3812 che
1384 3748 1490 3831 quella
1522 3767 1579 3813 non

213 3831 321 3896 inclini
343 3851 363 3896 a
396 3831 568 3898 mischiarsi
592 3837 624 3898 in
647 3835 693 3898 tal
716 3833 866 3899 tacenda:
889 3833 936 3898 cio
961 3852 1100 3899 accrasce
1123 3834 1273 3900 acesarei
1296 3835 1432 3901 ministri
1456 3837 1488 3900 la
1515 3855 1580 3916 spe·

213 3935 308 3983 ranna
329 3919 385 3984 che
405 3919 584 4003 all'apparir
605 3921 687 3987 delle
716 3922 838 3986 sudette
868 3922 979 4005 truppe
1011 3922 1174 3986 alemanus
1207 3923 1254 3987 sia
1277 3924 1302 3986 il
1326 3921 1496 3988 medesimo
1520 3924 1578 3987 Ra-
1637 3967 1638 3984 ι

212 4007 298 4088 gorzi
321 4026 337 4071 e
360 4007 407 4090 gli
429 4007 577 4090 Ungheri,
602 4009 667 4072 suoi
692 4009 826 4091 seguaci,
851 4028 906 4091 per
928 4010 1061 4074 ritornar
1085 4009 1301 4075 all'ubidienaa
1323 4011 1354 4074 di
1379 4029 1434 4076 sua
1450 4011 1579 4084 maestd,
1637 4031 1638 4069 ι

214 4112 230 4158 a
255 4112 308 4173 per
330 4093 453 4159 chieder
477 4095 616 4177 perdono,
647 4112 735 4160 como
763 4099 900 4178 appunto
929 4096 1021 4162 fanno
1052 4096 1270 4162 l'arcirescoro
1294 4099 1325 4162 et
1349 4097 1372 4161 il
1395 4099 1576 4164 cancellinus

214 4179 264 4338 gel
287 4199 381 4264 regno
404 4200 460 4332 pder
483 4183 512 4246 lo
536 4180 609 4246 Zrin
631 4201 648 4246 e
670 4181 868 4266 Frangipani,
893 4185 949 4248 ohe
966 4185 1100 4250 tuttaria
1124 4201 1262 4268 rengonc
1287 4184 1348 4268 qut
1367 4186 1497 4252 ritenuti
1521 4203 1574 4252 con

237 4285 316 4333 none
339 4287 416 4351 guar
439 4289 476 4334 re.
621 4293 624 4299 ¹
1563 4334 1565 4337 .
1636 4319 1637 4324 ι

319 4355 455 4421 Restanc
480 4357 529 4421 ira
552 4359 660 4439 questo
703 4358 823 4422 mentre
855 4357 939 4441 dagli
961 4359 1116 4424 alemanni
1144 4358 1306 4442 presidiati
1329 4359 1415 4424 dalla
1436 4361 1527 4443 parte
1548 4359 1577 4423 di
1636 4343 1637 4414 ἶ

214 4438 342 4541 Oroatia
376 4443 452 4508 tutti
476 4443 487 4508 i
510 4441 617 4527 lucghi
641 4445 688 4510 dei
720 4444 837 4510 sudetti
870 4448 959 4510 conte
981 4445 1019 4510 de
1052 4446 1125 4511 Zrin
1154 4465 1169 4510 e
1194 4447 1354 4512 marchese
1376 4447 1573 4532 Frangipani,

212 4530 244 4591 et
264 4547 296 4592 ιιι
320 4530 501 4611 particolare
524 4531 653 4606 Bucara,
677 4531 761 4598 Novi
792 4551 808 4596 e
838 4531 975 4610 Portore,
1001 4535 1082 4614 posti
1105 4535 1166 4598 alle
1188 4533 1254 4600 rire
1274 4533 1523 4609 dell'adriatico;
1546 4537 1575 4598 et

214 4613 246 4677 al
268 4614 392 4696 giudice
412 4616 496 4682 della
518 4619 596 4683 eitra
618 4619 648 4682 di
672 4617 768 4684 (trata
799 4619 825 4684 si
859 4622 875 4683 e
905 4620 983 4685 fatto
1016 4639 1185 4704 conregnet
1216 4621 1240 4685 il
1270 4625 1361 4687 conte
1383 4621 1417 4686 di
1435 4621 1573 4688 Tatten-

212 4699 302 4782 bach,
326 4702 467 4768 accidche
489 4705 619 4787 proceda
642 4709 750 4771 contro
772 4705 804 4771 di
826 4707 871 4771 lui
894 4724 951 4804 con
972 4709 1049 4773 tutti
1071 4707 1082 4772 i
1102 4708 1196 4792 rigori
1212 4709 1295 4773 della
1312 4708 1468 4792 giustinia.
