3246 5266
1352 381 1415 448 397

160 559 285 625 Etenim
322 558 349 624 si
371 557 504 624 nominis
527 558 588 623 mei
611 556 693 626 lama
715 557 748 622 et
769 556 958 623 aucthoritas
981 556 1130 622 tractatui
1150 557 1347 641 Ungarorum
1362 559 1417 623 ob-
1481 611 1487 626 .

68 647 178 712 ιιιιιιιι
201 667 260 713 ιιι
283 646 405 726 fnisset,
429 647 456 712 si
478 647 587 712 itidem
621 665 721 712 meam
751 645 901 711 humilem
931 645 1169 710 submissionem
1203 644 1325 729 Ungari
1357 665 1418 712 non

67 735 224 800 uidissent:
248 753 326 800 anns
343 734 411 818 quis
427 737 526 819 putat,
543 737 607 800 tom
620 733 775 817 placidum
786 733 963 798 rebellionis
979 734 1070 798 finem
1084 733 1281 798 subsecutum
1300 733 1416 800 luisse?

68 824 244 888 Praesertim
267 843 338 888 cum
358 825 390 888 in
413 827 551 908 tempore
574 825 610 888 de
631 822 775 886 omnibus
797 822 992 886 Maiestatem
1020 823 1150 886 vestram
1175 820 1303 886 adverti.

163 913 250 976 Haec
272 929 328 994 ego
352 912 477 976 causari
500 911 648 977 fidelitate
673 929 757 985 mea;
789 928 868 974 nnnc
901 910 969 993 quis
999 909 1126 976 effectus
1158 911 1314 974 tantmum
1346 930 1416 994 pro·

67 998 222 1064 missarum
246 1000 439 1084 gratiarum?

160 1087 303 1152 Miserias
326 1106 441 1166 omnes,
460 1085 619 1161 dedecora,
645 1084 788 1150 infamias
811 1085 963 1167 complete
995 1103 1063 1148 sum
1093 1103 1203 1165 passus
1237 1087 1269 1149 et
1303 1086 1414 1168 patior.

65 1173 189 1240 Octavus
213 1177 278 1240 iam
300 1175 416 1240 labitur
440 1175 563 1251 mensis,
588 1192 606 1237 a
628 1191 688 1254 quo
708 1178 893 1256 quaeruntur
924 1173 1099 1238 occasiones
1122 1175 1248 1250 irarum,
1283 1193 1335 1238 nec
1367 1174 1416 1238 in-

65 1263 153 1327 veniri
174 1266 323 1346 possunt;
347 1264 422 1346 quin
445 1265 477 1327 et
500 1280 607 1327 mones
631 1261 767 1326 lamiliae
791 1280 877 1326 meae
898 1261 1038 1325 turbatae
1064 1261 1325 1326 concutiebantur.
1354 1261 1408 1326 De·

68 1369 144 1415 mum
168 1371 238 1416 cum
262 1351 349 1416 nulla
372 1353 461 1416 noxia
476 1369 568 1416 causa
583 1349 621 1414 ad
645 1350 831 1414 incitandam
845 1349 1020 1414 ulteriorem
1035 1349 1275 1432 indignationem
1293 1351 1414 1415 vestrae

65 1437 228 1504 maiestatis
252 1441 429 1504 contremo
453 1439 548 1516 adest,
581 1437 741 1503 satisfuit
770 1437 870 1520 primo
900 1435 1110 1518 suspicionum
1142 1436 1219 1502 velis
1250 1437 1412 1503 veritatem
1485 1479 1487 1482 -

65 1527 159 1610 tegere
181 1530 214 1593 ιι
245 1527 334 1592 falsis
367 1527 615 1610 impositionibus
643 1527 675 1592 in
705 1525 862 1610 voragine
884 1525 1125 1590 destructionum
1160 1545 1209 1590 me
1241 1527 1412 1604 detrudere,

65 1617 96 1679 ut
116 1619 226 1697 postea,
253 1618 314 1682 etsi
335 1615 387 1680 lux
410 1614 550 1680 veritatis
584 1634 620 1679 ex
642 1632 735 1680 coeno
759 1632 808 1679 me
842 1615 998 1679 extrahere
1030 1613 1133 1690 vellet,
1165 1611 1294 1697 Stygiae
1328 1614 1414 1678 adin-

65 1703 259 1783 ventionibus,
282 1704 462 1769 adruinum
484 1721 587 1768 meam
610 1703 798 1802 excogitatis,
822 1700 883 1765 det'
861 1705 958 1766 tmere
981 1699 1043 1765 lass
1067 1702 1127 1776 sit;
1160 1704 1252 1784 utque
1281 1701 1414 1767 sufficiat

67 1789 174 1855 dicere:
198 1793 255 1856 Est
278 1792 478 1869 exulceratur,
503 1809 564 1856 ιιι
586 1792 708 1874 oportet
728 1790 830 1873 ipsum
853 1790 1020 1854 dimittere.

158 1878 365 1964 Otempora!
401 1879 426 1944 0
457 1879 503 1944 fat
489 1883 556 1946 tum
585 1879 721 1944 familiae
755 1897 838 1942 meae
860 1877 1062 1942 horrendum!
1099 1874 1189 1942 Certe
1223 1854 1273 1944 ιιι
1275 1878 1300 1943 ιι
1259 1878 1413 1944 tieret

65 1965 133 2032 haec
154 1967 288 2050 suspicio
308 1967 346 2032 de
367 1987 427 2047 me,
450 1967 477 2031 si
498 1985 654 2050 nunquam
678 1968 767 2030 deum
792 1968 1025 2047 redemptorem,
1051 1969 1120 2047 prot
1121 1984 1153 2030 eo
1157 1970 1255 2030 torem
1279 1965 1410 2032 Christi·

66 2055 190 2130 enitatis,
215 2074 444 2138 cognoscerem3
477 2055 504 2120 si
526 2055 718 2136 splendorem
740 2053 876 2119 familiae
899 2072 984 2118 meae
1013 2054 1115 2118 studio
1138 2055 1202 2119 luto
1225 2054 1319 2120 faecis
1342 2073 1415 2121 con-

65 2161 198 2224 spurcare
222 2145 346 2223 vellem,
370 2144 396 2208 si
418 2143 548 2225 denique
569 2144 716 2208 honorem
740 2162 852 2220 meum,
877 2141 942 2206 vita
960 2141 1141 2218 chariorem,
1165 2161 1224 2207 nou
1247 2142 1412 2222 ambirem,

68 2249 130 2297 cnm
152 2233 256 2296 temen
279 2250 433 2316 nunquam
455 2232 551 2296 metui
575 2233 715 2308 mortem,
740 2230 813 2296 dum
837 2248 890 2313 pro
907 2229 975 2305 fido,
1002 2249 1054 2312 pro
1070 2230 1178 2312 patria,
1196 2249 1251 2313 pro
1280 2231 1410 2313 denique

68 2318 205 2384 fidelitate
228 2321 349 2385 vestrae
372 2319 547 2385 maiestatis
570 2319 728 2402 agebatur.

158 2408 241 2490 llrgo
265 2409 342 2487 ideo,
367 2409 447 2490 quod
470 2410 577 2474 contra
599 2407 786 2473 voluntatem
811 2406 931 2470 restrae
961 2405 1142 2482 maiestatis,
1175 2407 1282 2471 contra
1310 2409 1413 2473 omnia

66 2512 114 2558 suo
134 2495 228 2574 iussa,
254 2496 293 2560 ad
315 2496 489 2561 invidorum
512 2515 650 2560 meorum
674 2495 766 2559 falsas
802 2495 1012 2558 accusationes
1045 2494 1104 2558 sim
1134 2493 1171 2558 ad
1202 2495 1332 2560 nihilum
1363 2515 1411 2560 re-

67 2581 173 2662 dactus,
196 2585 270 2650 fimo
293 2584 437 2650 infamiae
461 2584 641 2661 maculatus,
665 2582 737 2648 hino
771 2584 840 2646 inde
864 2600 915 2663 per
939 2600 1085 2660 carcerae,
1117 2599 1186 2646 cum
1220 2601 1313 2648 onore
1344 2602 1413 2648 mea

69 2671 96 2734 et
115 2673 192 2736 natis
216 2672 306 2747 meis,
328 2673 560 2750 circumvectus,
585 2671 664 2750 ideo,
678 2675 811 2753 inquam,
825 2669 920 2735 debeo
932 2671 1065 2753 opprimi
1087 2671 1118 2734 et
1140 2670 1249 2753 perire,
1274 2670 1345 2736 ideo
1369 2673 1408 2736 ad

67 2760 242 2839 quorundam
264 2759 383 2843 Styriae
405 2759 647 2843 conplacentiam
670 2759 764 2824 debeo
788 2759 902 2824 infame
925 2759 1089 2824 consumi?
1112 2761 1174 2911 qui·
1186 2759 1273 2824 lalcis
1301 2777 1337 2824 ac
1358 2761 1412 2824 do·

69 2844 133 2910 loeis
154 2848 371 2926 nummoribus,
396 2850 509 2932 partim
543 2847 780 2930 pusillanimit
780 2845 876 2911 imore
907 2846 1062 2930 perculsi,
1096 2849 1166 2928 part
1168 2847 1210 2912 im
1244 2847 1412 2913 ambitione

68 2928 203 3000 auaritiae
238 2940 306 3000 ιιιι
307 2955 372 3000 ram
396 2937 525 3002 maiesta
527 2937 645 3000 ttemo
631 2934 791 3001 tChrist
769 2935 845 3000 trani
847 2936 954 3012 tatem,
986 2954 1040 3000 nec
1072 2936 1156 3018 prius
1187 2937 1231 3001 rei
1266 2937 1412 3000 meritum

68 3023 95 3085 t
68 3029 186 3087 cerr
174 3025 270 3089 tatem
293 3028 377 3088 scrut
378 3025 421 3089 ari
457 3026 510 3089 sed
533 3026 565 3090 ιι
587 3043 643 3090 ιιι
662 3023 740 3089 scire
762 3022 943 3100 solentes,
934 3042 968 3088 m
989 3023 1050 3087 mci
1084 3024 1249 3106 perniciem
1273 3028 1303 3088 et
1327 3043 1412 3089 ever·

69 3109 174 3176 sionem
193 3112 325 3177 excitare
345 3115 626 3195 praesumpserunt.

159 3199 224 3265 Nec
247 3218 305 3283 ego
327 3219 462 3284 unquam
481 3201 538 3265 hoc
561 3199 754 3265 stolliditatis
778 3204 900 3282 peccato
924 3217 1108 3281 peccassem,
1141 3199 1330 3266 conditiones
1365 3199 1412 3265 ni-

67 3285 169 3350 mirum
189 3289 319 3353 Vestrae
341 3288 497 3353 Maiestati
520 3288 722 3371 proponendo,
746 3287 773 3352 si
796 3287 855 3370 ipsi
879 3288 1069 3352 occasionem
1099 3307 1153 3354 suo
1185 3288 1242 3354 hoc
1274 3307 1350 3354 vanc
1380 3291 1413 3353 ιι

67 3372 139 3438 lutili
151 3377 235 3441 metu
247 3378 372 3458 partim,
390 3377 511 3455 utvidi,
533 3391 655 3442 emnem
667 3376 824 3440 flammam
847 3377 877 3440 in
891 3394 940 3440 me
963 3374 1205 3448 sufflariansam
1216 3395 1301 3442 meae
1316 3378 1412 3442 terne-

67 3461 156 3528 ritatis
175 3468 207 3528 et
229 3463 450 3546 desperationis
466 3483 526 3530 non
537 3467 723 3530 causassent.
737 3463 782 3527 De
805 3463 914 3546 quibus
931 3463 1193 3528 abundantissime
1206 3483 1318 3548 poenas
1330 3464 1411 3529 dedi.

160 3551 334 3629 Praeterea,
359 3556 408 3617 est
430 3551 507 3618 milri
534 3552 617 3616 filius
651 3553 683 3616 in
715 3551 901 3634 protectione
934 3551 1064 3615 Vestrae
1095 3551 1278 3632 Maiestatis,
1310 3553 1406 3617 habeo

67 3655 178 3703 uxorem
203 3639 256 3719 (ab
286 3640 441 3706 immerito
471 3639 685 3724 diffamatam),
717 3640 813 3704 habeo
845 3638 945 3717 filiae,
971 3639 1074 3722 magni
1104 3639 1236 3705 nominis
1267 3643 1411 3724 cognatos

67 3729 94 3788 et
114 3732 264 3808 parentes,
288 3728 419 3810 deniqne
442 3727 589 3812 quidquid
609 3747 665 3811 par
688 3745 774 3792 meae
797 3727 978 3792 conditionis
1001 3727 1114 3811 aliquis
1147 3728 1257 3794 habere
1292 3731 1410 3813 potest:

66 3811 254 3880 haecomnia
277 3818 349 3880 sunt
371 3815 457 3892 mibi,
482 3819 514 3882 et
536 3834 746 3900 quemcunque
770 3815 935 3880 Christiani
959 3815 1042 3880 orbis
1059 3817 1232 3898 Principem
1256 3837 1290 3882 ιι
1314 3819 1410 3882 comi-

67 3903 205 3968 seratione
229 3923 283 3986 pro
307 3922 356 3968 me
378 3903 450 3969 fidei
470 3904 620 3976 iussorem
642 3904 754 3969 babere
779 3921 917 3985 possem;
946 3903 999 3968 sed
1022 3905 1222 3969 haecomnia
1244 3906 1338 3968 densa
1361 3924 1411 3970 ca-

66 3987 121 4071 ligo
143 3992 350 4074 suspicionum
374 3993 564 4058 obtenebrat.
594 3992 662 4056 Iam
687 3991 764 4056 nihil
786 3993 871 4055 aliud
895 3993 925 4055 in
949 3993 1115 4075 perniciem
1148 4012 1249 4058 meam
1281 3993 1411 4076 proferri

66 4081 165 4157 potest,
188 4099 281 4162 quam
303 4079 383 4162 qood
407 4082 445 4145 ab
469 4081 562 4145 animi
597 4080 657 4144 mei
688 4080 945 4163 magnanimitate
976 4083 1008 4144 ιι
1038 4082 1223 4146 resolutione
1254 4081 1409 4158 laudatus,

65 4163 124 4230 ideo
145 4184 162 4233 a
185 4187 234 4232 me
257 4171 375 4232 meum
398 4168 730 4234 vindictaromtrmeri
753 4169 959 4250 depredicant
983 4169 1042 4234 His
1063 4170 1169 4233 aulam
1185 4169 1313 4233 Vestrae
1341 4169 1408 4234 Ma·

65 4251 174 4320 isstetis
197 4256 338 4338 implent,
363 4274 525 4340 meumque
547 4256 746 4321 infortunium
769 4257 875 4320 exinde
906 4263 1031 4339 augent.
1009 4257 1277 4322 tPessimum
1270 4257 1411 4324 mimico-

64 4358 126 4405 rum
147 4362 244 4427 genns
267 4343 393 4410 laudant
380 4347 437 4410 t.es

158 4429 256 4510 Quam
279 4433 375 4496 esto'
367 4452 399 4496 ιι
422 4451 470 4496 me
494 4434 599 4497 notam
623 4432 780 4508 baberent,
806 4432 873 4498 ideo
898 4434 1000 4498 tamen
1033 4403 1160 4500 minime
1191 4437 1284 4500 atteri
1315 4437 1410 4502 ιιιι

66 4515 228 4585 defrandari
252 4519 405 4585 deberem.
421 4520 534 4672 Qucctlis
557 4521 638 4585 enim
662 4521 760 4586 maior·
782 4521 878 4673 gloria
901 4523 949 4586 est
971 4521 1128 4604 principis.
1151 4543 1244 4606 quanr
1267 4525 1409 4588 subditos

64 4603 164 4671 habere
184 4607 292 4691 magni
314 4609 446 4674 nominis
469 4613 500 4673 et
523 4609 661 4692 gloriae?
696 4614 833 4692 praesent
834 4609 878 4674 im
900 4610 932 4673 in
952 4608 1100 4684 confiniis,
1119 4609 1231 4678 Christ
1210 4615 1286 4678 trani
1311 4612 1410 4677 nomi·

64 4691 105 4756 nis
126 4695 264 4760 hostibus
287 4697 447 4779 oppositis.
480 4695 544 4761 Nee
567 4716 698 4800 magnus
719 4699 767 4762 ιιι
789 4699 940 4780 princeps
972 4699 1023 4780 qui
1053 4699 1165 4765 animis
1196 4702 1316 4785 magnis
1350 4719 1410 4764 non

66 4779 184 4862 imperat
169 4784 239 4848 ιιι
260 4785 425 4867 generosis,
449 4803 504 4851 nec
527 4785 671 4868 absque
663 4788 702 4851 ris
726 4804 859 4869 unquam
880 4805 912 4850 se
934 4785 1037 4852 timeri
1053 4783 1156 4866 faciet,
1133 4792 1228 4854 utut
1243 4807 1410 4876 regnorum

68 4883 179 4936 ιιιιιιι
197 4869 275 4937 fines
297 4871 450 4938 dilatabit.
