3296 5276
212 325 279 396 572

213 508 502 577 musadcuriem
526 508 745 593 Seenttine,
769 512 826 580 snb
845 511 946 581 diruto
965 511 1333 589 castroMedrerara‚
1357 508 1388 576 in
1401 507 1570 594 saepefato

214 598 363 665 comitatu
376 617 455 682 nagr.
473 599 654 666 existentem
667 605 697 666 et
709 603 857 681 habitam,
875 621 967 686 qaam
984 601 1099 668 curiam
1125 619 1183 666 una
1205 619 1275 666 cum
1287 600 1352 666 suis
1374 597 1571 683 pertinentiis

213 685 364 752 universis
386 685 626 755 confiscauimns.
663 691 699 756 In
722 707 759 756 ea
780 707 900 774 quoque
922 689 1008 755 curia
1030 689 1130 755 nullas
1153 708 1202 755 res
1225 687 1354 754 mobiles
1385 687 1570 764 invenimus,

214 777 334 860 praeter
356 774 459 854 sellas,
483 795 614 855 mensas,
639 780 744 861 portas
763 785 794 844 et
816 777 966 844 fenestras
990 779 1138 862 integras,
1162 776 1295 859 reliquas
1317 777 1421 843 autem
1444 775 1569 840 nniver-

213 881 265 928 sas
285 880 334 928 ree
355 864 486 930 mobiles
518 867 707 932 memoratus
741 865 883 932 dominns
906 865 1053 932 Nicotaus
1074 859 1197 949 Erdody
1220 883 1290 930 cum
1321 865 1385 930 suis
1410 861 1499 928 aulae
1522 861 1572 926 la·

216 950 390 1018 miliaribus
414 953 527 1018 auferri
552 957 583 1018 et
611 954 719 1020 abduci
742 955 862 1020 conenit
884 955 930 1019 uti
952 953 1039 1020 infra.
1073 953 1132 1019 His
1155 955 1242 1020 bonis
1266 951 1323 1018 tali
1346 953 1435 1017 modo
1458 951 1573 1016 confie-

215 1039 312 1116 catie,
337 1040 490 1125 variisque
516 1039 751 1108 difficultatibus
772 1042 854 1108 circa
877 1040 1125 1108 confiscationem
1156 1041 1245 1107 nobis
1268 1039 1431 1106 comissam
1467 1057 1573 1104 coram

214 1127 470 1194 reverendissimo
501 1128 624 1194 domino
647 1130 788 1216 episcopo
816 1130 1006 1222 zagrabicnsi
1036 1130 1200 1215 propositis
1223 1131 1254 1194 et
1276 1127 1422 1212 agitatis,
1456 1127 1507 1194 die
1530 1126 1572 1190 9a

216 1215 371 1282 mensis
400 1216 511 1301 junii
535 1219 629 1285 anni
653 1219 917 1302 praescripti
942 1218 1028 1284 1610
1051 1216 1167 1284 Sauum
1188 1215 1316 1283 fluvium
1340 1214 1524 1300 trajecimus
1540 1217 1573 1280 et

134 1329 136 1334 ’
210 1304 356 1392 Ιιειιίιιιιιε
378 1306 411 1370 in
434 1323 617 1388 campum
640 1305 955 1392 Zagrabieneem
978 1304 1232 1390 Turopolja
1256 1305 1390 1382 dictum
1424 1321 1571 1386 assump-

216 1392 309 1475 toque
330 1388 446 1458 ibidem
469 1394 628 1460 nobiscnm
658 1413 802 1478 generoso
826 1394 949 1461 domino
972 1393 1126 1478 Stephano
1149 1392 1354 1471 Suasntouich,
1388 1392 1504 1458 comite
1526 1393 1573 1456 te-

193 1480 309 1545 ¹rostri
332 1480 482 1546 nobilium
504 1481 639 1565 ejusdem
664 1485 764 1567 campi
776 1483 942 1567 Turopolja
964 1487 996 1549 et
1020 1481 1149 1548 coemite
1165 1481 1330 1547 comitatus
1349 1479 1570 1562 zagrabiensis,

216 1567 389 1652 pereximus
413 1568 449 1634 sd
470 1569 694 1651 possessionem
717 1571 1018 1650 Kuriloreca,
1043 1571 1095 1637 nbi
1119 1568 1355 1637 ¹conliscavimns
1370 1567 1493 1633 curiam
1518 1585 1573 1633 no-

216 1655 373 1724 bilitatem
396 1657 986 1744 Balthaearis-Poglediob
1018 1677 1088 1724 cum
1111 1658 1262 1724 uniuersis
1296 1655 1432 1740 sJuedem
1467 1655 1572 1722 curias

216 1745 420 1829 pertinentiis.
443 1743 492 1812 Ad
515 1744 594 1812 hanc
616 1747 732 1813 curiam
750 1747 850 1814 coloni
873 1747 1074 1814 ductantem
1099 1747 1248 1830 spectant,
1271 1743 1304 1809 in
1320 1746 1427 1810 eadem
1450 1761 1572 1826 posses·

216 1831 507 1900 sioneKuriloueca
529 1835 729 1915 comorantes,
764 1837 816 1920 qni
838 1855 894 1919 per
916 1836 1119 1917 septimanam
1144 1836 1219 1900 duos
1241 1832 1397 1916 pedestres
1416 1831 1573 1898 laborato-

218 1939 267 1986 res
291 1923 458 2003 praestant,
493 1940 563 1987 cum
586 1924 740 1990 nonnullis
760 1923 860 2010 exigui
885 1923 1033 1990 momenti
1056 1921 1298 1988 obventionibus.
1333 1919 1420 1987 Unus
1443 1920 1571 1986 illorum

217 2013 343 2075 vocatur
366 2008 502 2077 Michael
524 2011 648 2090 Metal,
684 2011 763 2079 alter
786 2030 856 2079 vero
886 2011 1037 2098 Georgius
1059 2009 1195 2077 Cnetina.
1240 2009 1349 2075 Exstat
1370 2008 1469 2079 adbuc
1491 2027 1572 2074 unus

217 2096 343 2163 colonus
366 2098 398 2164 in
429 2098 618 2180 possessione
640 2098 894 2178 Lubaeecn,
930 2100 961 2166 in
984 2117 1044 2185 qna
1077 2101 1195 2166 sentam
1219 2097 1370 2166 duntaxat
1399 2097 1573 2181 portionem

216 2187 407 2252 memoratus
430 2185 597 2252 Baltbasar
619 2188 787 2274 Pogledich
818 2188 960 2255 habebat.
1007 2187 1128 2253 Terrae·
1144 2188 1246 2252 antem
1271 2184 1404 2252 arabiles
1427 2184 1467 2250 ad
1499 2203 1573 2250 ean·

218 2273 288 2338 dem
311 2273 425 2340 curiam
449 2275 624 2358 spectantes
646 2277 814 2344 extendunt
836 2296 868 2342 ee
892 2277 930 2342 ad
951 2276 1062 2361 jugera
1084 2275 1207 2342 circiter
1227 2273 1280 2353 20,
1304 2293 1340 2339 ex
1362 2272 1574 2362 quitassent

217 2361 404 2429 inseminata
426 2361 551 2448 siligine
571 2363 681 2450 jugera
694 2366 723 2430 3.
747 2365 871 2430 Foenile
894 2383 989 2432 unum
1012 2366 1060 2430 est
1074 2364 1115 2429 ad
1138 2364 1302 2430 falcatores
1325 2361 1450 2429 circiter
1461 2361 1492 2426 6.
1516 2360 1575 2428 of·

217 2448 351 2516 ficialem
376 2452 482 2517 autem
504 2451 618 2519 ibidem
642 2453 857 2520 constituimus
881 2453 1041 2535 providum
1064 2451 1231 2536 Georgium
1255 2449 1390 2516 Ozetim.

321 2537 468 2622 Sequenti
492 2539 638 2606 imadiate
660 2540 720 2621 die,
744 2541 895 2624 quaefuit
919 2539 960 2606 10
981 2539 1134 2606 mensis
1161 2539 1281 2623 Junii,
1307 2557 1376 2605 cum
1400 2539 1575 2603 memorato

217 2623 340 2691 domino
363 2627 557 2694 vice-comite
584 2628 723 2696 venimus
746 2630 783 2695 ad
806 2631 1012 2713 possesionem
1036 2628 1277 2695 Lamniana
1298 2628 1330 2692 et
1352 2628 1576 2708 consequenter

216 2713 566 2799 curiamIirancisci
587 2716 865 2802 Bukovachty
886 2717 1002 2783 ibidem
1017 2717 1214 2794 exstructam,
1237 2733 1331 2799 quam
1354 2733 1424 2779 cum
1448 2713 1574 2778 nniver-

217 2800 261 2866 sis
285 2802 421 2885 ejusdem
444 2802 546 2870 curiae
568 2805 763 2888 pertinentiis
786 2806 1030 2872 confiscasimus.
1065 2804 1115 2871 Ad
1139 2805 1267 2870 eandem
1288 2803 1405 2868 curiam
1426 2804 1574 2885 spectant

217 2889 317 2955 coloni
340 2891 506 2958 servientes
530 2911 584 2976 per
600 2894 804 2977 septimanam
825 2895 942 2960 duabus
954 2893 1078 2976 quidem
1101 2893 1210 2958 diebus
1232 2911 1302 2958 cum
1323 2889 1480 2975 jumentis,
1507 2893 1577 2955 ter·

215 2977 261 3043 tio
284 2996 355 3044 cero
379 2979 427 3045 die
449 2981 606 3062 pedester,
638 2983 768 3066 suntque
799 3001 924 3048 numero
951 2983 1073 3048 circiter
1102 2981 1153 3047 23.
1185 2981 1228 3046 Hi
1251 2998 1321 3046 vero
1343 2979 1441 3045 coloni
1462 2997 1575 3044 omnes

216 3066 374 3148 praestant
396 3065 548 3136 decimam
572 3067 634 3134 uini
667 3071 804 3156 tempore
828 3070 1019 3150 vindemiae3
1052 3072 1124 3136 sunt
1144 3069 1175 3134 et
1197 3068 1250 3134 alii
1288 3065 1491 3134 montanistae
1515 3085 1577 3132 nu-

217 3171 301 3219 mero
324 3155 447 3221 circiter
469 3154 522 3236 30,
546 3157 598 3240 qui
621 3157 767 3224 similiter
789 3159 939 3225 decimam
962 3159 1104 3241 quotannis
1127 3156 1358 3223 administrant.
1403 3155 1575 3220 Terrarum

215 3241 380 3310 arabilium
402 3241 443 3310 ad
465 3247 669 3328 praemissam
691 3249 809 3314 curiam
834 3248 1039 3332 spectantium
1063 3250 1134 3310 snnt
1154 3244 1262 3330 jugera
1279 3243 1402 3310 circiter
1418 3241 1468 3308 80.
1492 3243 1577 3309 Foe-

216 3328 292 3394 nillc
314 3330 354 3396 ad
376 3331 537 3399 ialeamres
561 3335 684 3401 circiter
696 3334 749 3400 40.
775 3334 937 3420 sylvarum
960 3333 1155 3417 quantitatis,
1181 3332 1376 3416 unaquidem
1399 3331 1437 3397 ad
1457 3329 1575 3414 jugera

217 3417 340 3572 circtiter
353 3417 415 3592 2230.
440 3421 547 3506 majori
569 3425 657 3507 parte
677 3423 743 3508 iam
766 3423 946 3510 exstirpata,
971 3421 1033 3488 alia
1057 3421 1133 3489 item
1158 3421 1237 3488 silva
1259 3421 1299 3486 ad
1311 3420 1423 3505 jugera
1443 3418 1575 3485 circiter

217 3525 273 3573 oen
289 3525 350 3573 um.
1440 3563 1445 3586 ,

320 3595 356 3660 In
380 3597 518 3678 proxima
543 3597 652 3665 deinde
681 3600 874 3684 possessione
904 3599 1152 3685 Kys-misle
1183 3598 1377 3681 nuncupata,
1413 3613 1470 3662 uno
1490 3614 1576 3680 qna·

216 3681 325 3748 drante
347 3682 490 3752 milliaris
522 3686 754 3769 apraecedenti
776 3707 854 3774 pago
879 3708 931 3754 seu
954 3689 1146 3772 possessione
1168 3687 1312 3766 distante,
1342 3685 1374 3751 in
1397 3681 1573 3768 praecitato

215 3789 323 3855 eampo
335 3772 510 3858 Turopolja,
534 3775 616 3840 dicto
627 3776 750 3842 omnino
772 3777 804 3842 in
816 3777 965 3843 comitatu
976 3775 1165 3860 nagrabienei
1177 3775 1326 3840 existente
1350 3772 1573 3850 athabita,est

216 3859 301 3924 coria
325 3861 357 3925 et
379 3860 458 3926 bona
479 3861 609 3928 alterius
632 3864 849 3932 craneisoi
872 3864 1155 3942 Berislauiob,
1179 3881 1271 3947 quam
1293 3861 1438 3928 similiter
1459 3879 1572 3944 eupra-

216 3949 330 4030 scripta
351 3947 401 4014 die
429 3949 468 4015 10
488 3950 602 4018 mensis
622 3951 702 4035 junii
731 3971 832 4020 coram
856 3953 961 4019 eodem
981 3952 1104 4019 domino
1128 3951 1329 4018 vicecomite
1352 3968 1422 4016 cnm
1445 3947 1573 4015 univer-

260 4130 287 4204 ⁴¹)
303 4129 467 4189 Bakovadki
495 4134 607 4190 utivate
638 4135 767 4207 takodjer
799 4135 963 4210 „praedium
986 4135 1190 4206 Barkieserins,
1220 4134 1249 4189 in
1282 4133 1457 4206 pertinentiis
1485 4135 1573 4188 caeni

217 4291 219 4294 Ι
304 4218 488 4294 Poknpeko“‚
512 4221 570 4294 koji
588 4224 619 4294 je
641 4223 776 4295 pripadao
798 4225 929 4297 topnekoj
956 4223 1063 4296 opaliji,
1086 4223 1096 4279 i
1119 4223 1177 4294 toji
1197 4223 1227 4294 ja
1247 4220 1382 4288 ondobio
1405 4221 1479 4278 kene
1503 4231 1589 4278 neo·

304 4325 362 4364 mes
386 4308 500 4365 canalia
523 4316 552 4366 at
573 4311 724 4383 praedialis
746 4312 876 4370 abbatiae
899 4311 1127 4384 thopuekensis.“
1173 4309 1259 4367 Poito
1279 4311 1310 4381 je
1333 4309 1499 4366 Bakouatki
1522 4310 1573 4367 bio

304 4394 429 4452 umieten
452 4415 469 4452 u
493 4403 522 4452 tu
546 4405 637 4470 unctu,
659 4400 776 4472 pripade
798 4401 984 4458 Berkieerina
1005 4405 1071 4472 opst
1086 4397 1311 4473 aagrebadkomu
1330 4397 1463 4472 biakupu.
1495 4398 1573 4454 Mar·

304 4483 346 4540 tin
369 4483 509 4541 Borkoric
531 4487 644 4560 odetupi
662 4489 695 4559 ju
716 4487 762 4560 jas
786 4489 878 4545 1610.
901 4489 966 4562 god.
994 4507 1035 4562 gr.
1059 4487 1154 4545 Nikoli
1177 4487 1303 4544 Erdddin
1325 4505 1359 4543 aa
1383 4487 1510 4557 duhest,
1535 4487 1575 4543 da

304 4589 350 4628 mu
373 4575 436 4645 evaj
458 4571 540 4645 pleds
562 4593 600 4633 na
622 4576 728 4648 godinu
751 4577 805 4634 dra
827 4577 933 4634 dukata
949 4578 964 4632 -i
984 4577 1049 4650 daje
1068 4593 1102 4632 aa
1121 4575 1267 4648 bialrupslri
1291 4573 1420 4648 banderij
1442 4575 1497 4631 dra
1522 4575 1573 4632 ko

303 4660 428 4731 njanika,
451 4663 525 4716 ada
547 4663 677 4734 podanici
700 4665 809 4737 predija
829 4663 943 4738 pladaju
966 4665 1101 4722 deeetine.
1124 4664 1314 4722 Donationsla
1337 4663 1500 4729 cnadbisk.
1525 4681 1573 4720 ar·

257 4805 259 4810 ,
304 4747 381 4804 kivu.
404 4748 468 4808 Vol.
492 4749 582 4824 xm,
603 4769 646 4808 nr.
670 4752 741 4810 320.
800 4781 804 4790 ·
