3300 5248
228 341 290 407 122

225 633 318 692 1670.
342 631 385 692 29
408 631 516 704 eluite
551 630 710 708 Varoddirr.
737 629 813 701 Grot
840 631 919 688 loce
942 627 1109 688 Droeeoole
1132 627 1243 701 electro
1259 628 1361 701 brolia
1378 627 1457 700 pred
1478 627 1523 686 odi
1533 644 1586 699 po·
1632 637 1633 678 ῖ

223 721 321 797 gibeti,
343 721 413 793 boja
435 720 601 792 Hroelelrop'
623 719 635 777 a'
658 719 824 791 conjecerim
847 717 1034 790 custrr'p'alcr'm
1056 717 1190 789 remljcm
1212 716 1303 789 prieti
1324 716 1361 774 od
1384 716 1476 774 Petra
1502 712 1588 773 Zrin-

223 809 324 888 skopn,
347 824 385 868 us
408 809 512 883 tojepa
534 807 575 865 da
592 807 728 880 pristop'u
755 806 842 876 aluei,
873 807 980 864 beasti
1010 804 1168 878 truiisnioe'
1189 807 1201 862 i
1223 804 1308 878 meti
1330 802 1468 876 planeda
1500 803 1587 870 misli,

510 895 551 954 dc
574 896 603 954 bi
626 912 657 954 se
680 895 771 954 Peter
794 895 852 953 doe
876 894 975 966 liepim
998 891 1136 952 uadinom
1158 891 1308 952 oderatitr'.

329 997 547 1064 Sacratissima
570 1013 713 1063 caesarea
736 997 768 1066 et
791 995 877 1079 regia
900 995 1064 1072 maiestas,
1096 994 1236 1072 domine,
1271 994 1394 1059 domine
1424 993 1501 1058 mihi
1524 991 1585 1057 cle-

227 1086 431 1152 mentissime.
456 1084 606 1151 Constare
627 1085 691 1150 iam
715 1083 874 1149 maiestati
898 1103 925 1148 v.
950 1086 1098 1160 saeratae,
1123 1083 1233 1165 quibus
1250 1081 1457 1147 anxietatibus
1477 1080 1583 1146 fideles

228 1173 366 1240 eiusdem
390 1174 421 1237 in
446 1174 503 1238 hoe
532 1191 628 1255 regno
657 1172 838 1238 Sclaveniae
871 1170 990 1236 subditi
1021 1174 1217 1254 prementur,
1250 1172 1282 1234 et
1308 1169 1419 1253 quibus
1442 1168 1587 1251 procellis

231 1281 360 1345 regnum
384 1263 451 1337 hoc,
482 1263 632 1344 augustae
655 1261 759 1325 domui
783 1259 955 1324 austriacae
987 1278 1109 1342 semper
1137 1255 1372 1335 fidelissimum,
1405 1256 1588 1339 exagitetur,

232 1370 293 1416 non
316 1349 434 1413 dubito.
458 1349 589 1430 Ideoque
613 1347 773 1412 ulteriores
790 1347 1014 1412 declarationes
1038 1348 1139 1410 status
1155 1346 1251 1410 nostri
1266 1347 1438 1429 praetereo.
1461 1344 1588 1420 Verum,

232 1456 308 1520 pace
332 1437 506 1502 maiestatis
524 1437 643 1500 vestrae
656 1455 691 1514 s.,
714 1435 750 1498 dc
769 1435 939 1500 reducenda
963 1437 995 1500 et
1017 1435 1191 1498 innouanda
1213 1433 1308 1517 priori
1323 1433 1427 1516 quiete
1451 1433 1482 1496 et
1505 1433 1590 1495 tran·

237 1523 374 1607 quilitati
399 1524 496 1606 ipsius
518 1525 653 1588 remedia
677 1525 799 1587 mature
823 1523 1004 1607 quaerenda,
1030 1524 1193 1604 antequam
1218 1521 1299 1604 ignis
1329 1521 1393 1584 iam
1423 1521 1588 1601 conceptus

235 1611 319 1676 uices
340 1614 455 1685 sumat,
479 1630 514 1674 ex
539 1611 644 1676 debito
666 1610 828 1676 fidelitatis
852 1628 947 1686 meae,
980 1609 1053 1675 exili
1076 1610 1188 1674 iudicio
1222 1628 1289 1674 meo
1320 1607 1494 1672 humillime
1518 1607 1590 1671 inti-

233 1717 328 1763 mare.
364 1697 451 1778 Quod
476 1698 676 1764 alienatione
700 1717 755 1763 neo
778 1717 941 1781 praesumo
974 1698 1049 1762 mibi
1080 1697 1328 1780 proponendum,
1360 1713 1454 1778 quam
1477 1693 1588 1758 ductus

232 1787 316 1851 auita
339 1785 498 1862 fidelitate,
523 1805 583 1869 qua
606 1787 700 1850 etiem
732 1787 980 1869 praedecessores
1010 1785 1071 1850 mei
1101 1789 1255 1867 angustae
1276 1784 1386 1848 domus
1417 1783 1589 1847 austriacae

235 1893 357 1958 semper
379 1875 521 1940 obstricti
544 1874 651 1952 luere;
674 1891 776 1939 amore
797 1874 905 1938 deinde
929 1875 1048 1956 patriae
1072 1872 1162 1937 huius
1193 1871 1412 1948 charissimae,
1437 1867 1495 1935 'cui
1525 1868 1585 1934 nisi

234 1962 415 2045 opportunis
450 1962 595 2027 remediis
626 1964 817 2045 quantocyus
848 1962 1044 2044 provideatur
1075 1962 1229 2025 extremae
1262 1960 1368 2023 ruinae
1403 1957 1588 2041 exponenda,

235 2053 337 2132 atque,
361 2049 439 2134 proh
464 2050 556 2126 dolor,
582 2049 612 2114 in
636 2049 760 2114 fauillas
780 2049 994 2125 conuertenda,
1019 2047 1185 2113 ominatur.
1225 2046 1363 2128 Denique
1387 2044 1521 2126 periculo
1544 2045 1590 2108 ri·

235 2137 373 2202 cinerum
396 2137 468 2202 huic
490 2155 585 2219 regno
609 2155 651 2201 m.
673 2140 794 2202 vestrae
819 2157 843 2200 s.
868 2136 1394 2218 haereditariarumprovinciarum,
1419 2152 1497 2215 quas
1521 2150 1589 2196 con·

228 2226 355 2304 'ceptum
381 2225 411 2290 in
436 2225 540 2288 nostra
566 2225 665 2307 patria
688 2225 815 2302 malum,
841 2225 936 2288 simili
960 2224 1054 2290 exitio
1078 2223 1276 2306 pessumdare
1293 2221 1420 2287 ualeret
1445 2220 1496 2285 Ad
1512 2238 1589 2304 quae

223 2313 374 2376 ‘uniuersa
391 2313 604 2397 praecauenda
628 2314 660 2377 et
683 2331 702 2376 a
725 2311 897 2377 ceruicibus
920 2312 983 2376 iam
1008 2312 1096 2393 quasi
1120 2311 1232 2375 nostris
1256 2310 1432 2386 auertenda,
1456 2325 1519 2372 non
1541 2308 1590 2372 in·

231 2417 402 2483 congruum
426 2401 604 2480 arbitrarer,
630 2401 655 2464 si
679 2418 783 2464 comes
806 2400 914 2478 banus,
939 2401 992 2482 qui
1015 2397 1156 2463 fauillam
1180 2399 1252 2462 huic
1271 2397 1335 2480 igni
1356 2396 1531 2480 supposuit,
1550 2395 1589 2459 ed

176 2503 178 2506 ·
234 2487 396 2568 pristinam
420 2488 601 2554 fidelitatem
628 2507 668 2552 m.
693 2490 814 2553 vestrae
846 2505 870 2552 s.
895 2487 1024 2570 placidis
1056 2486 1155 2551 modis
1179 2489 1210 2549 et
1241 2483 1351 2549 mediis
1374 2485 1588 2558 reuocaretnr3

232 2575 327 2641 Porta
348 2595 420 2641 rero
443 2576 649 2641 Otbomanica
673 2576 710 2639 de
733 2575 886 2640 seruando
917 2575 1053 2653 foedere,
1085 2575 1164 2657 quod
1188 2593 1260 2638 oum
1283 2591 1326 2636 m.
1351 2575 1454 2637 vestra
1478 2590 1504 2636 s.
1527 2589 1587 2634 non

232 2665 277 2727 ita
299 2665 419 2746 pridem
444 2667 480 2728 ad
505 2665 605 2727 certos
628 2681 723 2727 annos
748 2661 876 2746 pepigit,
901 2664 1122 2739 comoneretur,
1147 2662 1198 2726 uel
1221 2663 1304 2726 certe
1327 2678 1383 2743 per
1406 2678 1484 2724 nona
1498 2661 1590 2743 pacta

231 2751 269 2814 ad
293 2751 445 2814 seruanda
464 2751 567 2832 priora
588 2750 708 2814 foedera
731 2751 932 2833 obligaretur.
958 2749 1022 2815 Nos
1046 2748 1240 2831 regnicolas,
1268 2748 1375 2812 fideles
1399 2767 1442 2812 m.
1468 2750 1590 2813 vestrae

230 2856 254 2900 e.
280 2837 409 2913 subditi,
434 2837 510 2901 lieet
541 2855 635 2920 parua
666 2855 778 2902 manus
809 2838 924 2917 simus,
957 2837 1149 2902 excursiones
1178 2839 1210 2901 et
1242 2835 1426 2918 irruptiones
1458 2834 1591 2900 hostiles

230 2923 318 2988 flocci
342 2926 554 3006 penderemus,
579 2924 639 2990 nisi
663 2925 831 3002 Wallacbi,
855 2926 946 2990 miles
970 2923 1153 3008 Colapianos
1185 2925 1291 2990 comiti
1315 2922 1394 2988 bano
1419 2922 1589 3000 subiectus,

230 3014 262 3075 et
280 3010 376 3093 aliqui
400 3010 562 3091 nobilium,
580 3011 711 3076 diuersis
732 3013 995 3094 policitationibus
1016 3011 1141 3077 comitis
1165 3011 1236 3076 bani
1258 3009 1396 3094 pellecti,
1420 3029 1491 3074 cnm
1505 3028 1590 3074 mar-

228 3098 336 3186 chione
362 3099 562 3183 Frangepano
596 3099 656 3181 ipsi
690 3100 799 3165 comiti
832 3100 910 3166 bano
945 3101 1157 3165 adhaererent.
1193 3097 1383 3164 Confidimus
1407 3100 1523 3164 ‚tamen
1558 3096 1591 3160 in

229 3187 335 3251 innata
358 3206 399 3251 m.
424 3189 545 3253 vestrae
570 3206 594 3250 s.
620 3186 792 3264 clementia,
828 3207 881 3252 nos
913 3189 1087 3271 propediem
1120 3186 1286 3252 sufficienti
1317 3188 1356 3251 ad
1379 3184 1591 3251 resistendum

230 3276 263 3339 et
286 3275 413 3340 hostiles
438 3276 562 3358 quosois
586 3274 721 3357 impetus
744 3275 986 3357 propulsandum
1011 3295 1051 3340 m.
1077 3278 1197 3340 vestrae
1224 3294 1248 3338 s.
1274 3273 1375 3338 milite
1406 3273 1591 3338 sublebetu-

227 3381 277 3426 ros
302 3361 375 3440 fore,
401 3382 461 3445 quo
483 3362 637 3428 subleuati
661 3364 693 3426 et
715 3364 814 3427 adiuti
845 3367 876 3426 et
899 3382 953 3427 nos
977 3362 1083 3427 debita
1105 3364 1197 3444 atque
1219 3362 1324 3426 fidelia
1347 3379 1390 3426 m.
1414 3362 1537 3425 vestrae
1565 3380 1589 3425 s.

227 3451 356 3514 seruitia
378 3451 530 3527 exhibere,
555 3452 586 3515 et
610 3451 751 3516 hostibus
775 3451 888 3515 nestris
912 3450 1022 3515 terrori
1046 3470 1112 3514 esse
1136 3451 1306 3514 ualeamus,
1338 3451 1374 3514 ln
1398 3449 1518 3530 reliquo
1544 3467 1586 3511 m.

227 3539 363 3600 vestram
388 3557 413 3600 s.
438 3540 474 3602 ad
498 3557 595 3603 annos
619 3538 770 3621 plurimos
794 3539 925 3603 feliciter
948 3537 1052 3603 uiuere
1075 3540 1107 3601 et
1130 3537 1236 3602 ualere
1267 3539 1360 3619 atque
1383 3537 1420 3601 de
1443 3537 1588 3600 hostibus

225 3623 289 3687 suis
322 3623 513 3706 triumphare
543 3627 692 3691 animitus
723 3629 842 3709 exopto.
887 3627 985 3690 llatae
1016 3625 1179 3690 Varasdini
1210 3625 1258 3690 die
1290 3625 1331 3688 29
1368 3623 1474 3689 martii
1506 3640 1589 3688 anno

228 3709 321 3774 1670.
347 3710 581 3778 sacratissimae
605 3715 780 3779 maiestatis
804 3715 925 3779 vestrae
947 3713 1144 3778 humillimus
1176 3731 1212 3778 ac
1234 3713 1335 3778 fidelis
1369 3711 1512 3778 subditus
1538 3731 1590 3777 co-

225 3818 290 3863 mes
315 3798 450 3866 Joannes
474 3801 663 3865 Draslrouith
690 3821 730 3867 m.
748 3822 777 3883 p.

327 3887 502 3970 Nadpis:
528 3887 763 3952 Sacratissimae
781 3889 988 3952 Romanorum
1005 3888 1232 3971 imperatoriae,
1256 3905 1374 3952 necnon
1390 3887 1587 3964 Germaniae,

222 3975 410 4058 Hungariae,
426 3975 618 4052 'Bohemiae,
654 3975 846 4052 Dalmatiae,
879 3975 1039 4048 orostrae,
1066 3974 1244 4049 sclavoniae
1274 3976 1334 4040 etc.
1358 3976 1462 4058 regiae
1493 3977 1594 4040 maie·

223 4063 310 4139 atati,
335 4061 494 4126 archiduci
518 4060 665 4126 Austriae
688 4063 747 4126 eto.
770 4063 903 4141 domino,
928 4064 1048 4128 domino
1072 4065 1147 4128 mihi
1169 4063 1423 4128 clementissimo.

273 4153 303 4212 U
321 4151 481 4214 draconem
504 4153 611 4209 urtice
633 4171 654 4210 u
678 4151 768 4210 Beda.

225 4433 319 4498 1670,
342 4433 385 4490 29
404 4449 511 4493 morso.
543 4433 664 4492 Vienna.
700 4433 747 4494 111.
774 4327 1032 4508 ΖονιὲῙΞῖἶοὺόαᾴε
1052 4437 1188 4508 iaoJ‘es'tur'
1208 4455 1253 4510 pr.
1279 4435 1318 4494 N.
1344 4434 1481 4492 Erddda'c
1496 4451 1515 4494 o
1533 4435 1589 4494 Pe-

224 4521 274 4576 tra
297 4517 456 4580 Zra'nslrom
480 4538 500 4578 a
524 4519 607 4580 Beda
629 4522 641 4579 a·
663 4521 768 4580 odlote
791 4521 891 4592 deora,
914 4524 954 4581 dc
976 4541 1006 4584 se
1031 4523 1154 4582 Zrinslri
1177 4525 1295 4583 odorati
1310 4523 1348 4582 od
1362 4523 1441 4596 sooje
1456 4523 1589 4583 caeam.

325 4666 412 4684 ....
438 4622 483 4685 La
506 4623 675 4704 spedizione
698 4622 750 4687 del
772 4627 860 4688 conte
883 4623 1018 4703 Ardedi,
1042 4626 1098 4690 che
1134 4623 1346 4708 rappresentai
1377 4624 1587 4690 bumilmente

219 4708 361 4772 arostra
387 4709 520 4772 serenitt
542 4709 594 4792 gia
617 4713 683 4775 otto
708 4711 820 4794 giomi,
843 4711 859 4776 b
883 4714 1003 4796 segulla
1022 4713 1052 4777 in
1070 4731 1161 4778 nome
1177 4712 1261 4794 degli
1277 4712 1352 4777 stati
1368 4711 1451 4776 della
1476 4710 1585 4778 Stiria.
