3308 5252
1411 342 1432 406 3

69 513 158 578 iussis
182 513 295 578 aetatis
308 513 340 576 et
354 531 455 589 sexus,
481 514 570 577 eraut
591 512 776 578 desiderata.
798 513 900 580 Immo
914 531 984 579 vcro
1008 533 1063 578 sua
1087 513 1233 580 maiestas
1258 516 1430 580 amantium

72 601 185 682 patriae
208 601 398 664 salutaribus
431 601 570 664 consiliis
593 619 627 664 eo
651 601 783 666 deducta
805 602 915 680 fuerat,
941 605 976 666 ut
1000 621 1053 684 pro
1078 602 1233 667 solutione
1258 603 1427 670 obsidionis

74 689 337 771 l'prarnuintum
362 707 512 770 quemque
535 689 650 752 civium
674 709 710 752 ex
736 690 879 753 omnibus
911 691 976 753 suis
1010 691 1118 756 vicinis
1149 693 1313 773 provinciis
1345 695 1428 755 certo

70 778 114 838 die
136 782 168 840 et
190 777 257 840 loco
271 776 384 840 adiisse
397 776 531 839 iusserit.
556 775 807 840 Numerabantur
820 777 916 842 etiarn
941 778 971 842 in
993 777 1068 842 solis
1082 779 1236 856 Aristriae,
1262 779 1429 856 Menariae,

72 864 207 941 silesiae,
234 864 400 929 Bchcmiae
424 863 594 946 vicinisque
618 866 783 946 provinciis
800 867 997 947 septuaginta
1014 866 1262 948 quinquemillia
1287 865 1430 942 uirorum,

72 953 178 1033 quiex
202 952 339 1034 professo
363 949 479 1016 milites
511 951 645 1016 fuissent
676 957 707 1016 et
738 971 827 1018 arma
858 972 916 1040 nou
949 954 1001 1016 diu
1033 955 1206 1034 praeteritis
1239 955 1431 1036 temporibus

72 1041 263 1118 tractassent,
288 1040 337 1120 qui
364 1059 470 1103 ornnes
504 1039 612 1103 adesse
644 1042 788 1120 poterant
818 1039 903 1106 brevi
935 1044 1073 1124 ternpore
1105 1045 1137 1104 et
1160 1043 1345 1105 immensum
1372 1061 1432 1105 uua

71 1145 133 1190 curu
156 1127 376 1209 Huugarorum
402 1127 527 1190 auxiliis
551 1129 718 1192 exercitum
743 1147 778 1193 ac
810 1127 889 1192 vires
913 1129 1165 1204 constituissent;
1190 1149 1297 1194 rerum
1325 1149 1432 1210 super-

73 1217 210 1278 ueniente
234 1213 323 1279 aulae
347 1216 474 1278 consilio
500 1216 585 1279 mota
614 1235 669 1278 sna
686 1215 832 1280 maiestas
856 1217 968 1280 iterrun
994 1216 1128 1280 edictum
1152 1233 1242 1280 snum
1276 1217 1337 1280 iarn
1363 1236 1432 1297 pro·

75 1303 246 1385 nrnlgatum
270 1303 426 1366 revocavit
449 1306 481 1366 et
504 1323 558 1384 per
582 1302 697 1367 similia
721 1303 823 1368 media
845 1304 1000 1388 Vyvarine
1020 1303 1181 1368 subvenire
1206 1305 1314 1367 uoluit.
1340 1303 1430 1368 Unde

71 1389 184 1453 iactum
209 1395 266 1467 est,
291 1393 326 1454 ut
360 1392 456 1455 tantis
479 1390 650 1454 Turcarum
679 1391 795 1455 viribus
830 1393 863 1456 et
886 1411 1014 1456 numero
1045 1392 1296 1474 praevalentibus
1324 1393 1428 1455 amitti

73 1476 171 1560 llynar
195 1479 367 1560 oportuerit
389 1498 459 1542 curn
484 1484 622 1542 extrema
645 1480 734 1542 rnina
756 1479 852 1543 totius
881 1479 1060 1562 Huugariae
1084 1483 1174 1560 atquc
1198 1480 1293 1542 etium
1320 1480 1431 1542 vicina-

72 1584 136 1628 rum
160 1567 400 1648 pronincierum,
424 1567 581 1642 niustriae,
597 1567 763 1644 Moraniae,
790 1566 928 1646 Silesiae,
953 1585 1080 1650 quarum
1105 1566 1202 1630 clanis
1225 1567 1285 1630 fuit
1307 1570 1339 1630 et
1364 1586 1431 1648 pro·

67 1654 283 1735 pugnaculum.

173 1739 260 1819 Quod
284 1742 354 1806 aula
378 1759 438 1805 nou
461 1741 561 1805 solnm
598 1759 692 1807 causa
722 1741 825 1820 fuerit,
858 1743 912 1806 sed
934 1741 1055 1820 uolens,
1089 1741 1206 1819 libens,
1237 1741 1429 1824 Huugariam

70 1829 219 1907 amiserit,
243 1833 330 1911 patet
353 1831 402 1894 rel
426 1847 462 1892 cx
485 1829 563 1892 inita
586 1831 726 1910 proxime
742 1849 817 1912 paee
842 1832 874 1895 et
895 1830 943 1908 iis,
965 1849 1042 1912 quae
1065 1831 1095 1892 iu
1120 1831 1181 1894 isto
1195 1828 1333 1912 praefato
1350 1829 1430 1893 bello

68 1915 195 1980 l'ureico
218 1920 308 2002 gesta
330 1916 425 1981 fuere.
460 1915 718 1998 Suppeditanerat
749 1919 838 1983 nobis
870 1917 1044 1982 altissimus
1076 1920 1266 1982 occasionem
1299 1917 1430 2000 Huuga-

71 2005 146 2067 riam
172 2003 348 2070 vindicandi
372 2009 403 2068 et
425 2004 576 2068 liberandi
608 2007 789 2088 atyranide
820 2006 1007 2083 Turcarum,
1042 2008 1134 2088 atque
1165 2007 1259 2069 etiam
1290 2007 1369 2069 vires
1401 2008 1432 2068 ct

41 2093 306 2181 ¹commoditates
330 2093 481 2156 exereitus
505 2092 677 2156 Turcarum
708 2113 833 2176 prorsus
857 2097 889 2158 et
912 2096 949 2159 ad
975 2093 1217 2158 internecionem
1240 2092 1381 2169 delendi,
1405 2093 1431 2156 si

70 2179 218 2244 noluisset
242 2180 324 2245 aula.
359 2181 513 2245 Victorias
537 2181 625 2245 nobis
648 2179 724 2246 dens
748 2181 880 2265 largitus
903 2180 1013 2260 fuerat,
1037 2181 1167 2244 eximias
1191 2184 1223 2246 et
1245 2179 1428 2262 praeclaras.

69 2267 217 2332 Dominus
234 2287 338 2333 comes
358 2267 494 2332 Petrus
518 2268 621 2332 Zrini
645 2287 715 2332 una
739 2287 818 2334 cum
842 2269 989 2334 domiuo
1013 2269 1231 2333 marchione
1255 2269 1297 2332 de
1318 2269 1431 2332 Fran·

67 2355 273 2438 gepanibus
296 2356 454 2421 deleverat
474 2357 641 2420 exercitum
654 2355 822 2421 Turearum
835 2357 956 2421 circiter
970 2357 1198 2435 octomillium,
1222 2357 1303 2420 iusto
1317 2357 1432 2438 proelio

68 2443 277 2527 confligentes.
301 2443 473 2508 Defunctus
486 2443 629 2508 dominus
641 2443 787 2509 Nicolaus
800 2462 902 2509 comes
918 2463 936 2508 a
959 2444 1062 2508 Zrinio
1077 2445 1267 2526 percusserat
1280 2449 1311 2506 et
1323 2443 1431 2508 Mures

66 2529 157 2595 fluvio
182 2533 387 2609 immerserat,
412 2549 482 2596 cum
495 2531 692 2612 paucissimis
708 2536 739 2596 et
755 2532 846 2615 plane
858 2532 962 2596 divina
979 2533 1104 2610 uirtute,
1118 2533 1187 2596 octo
1209 2530 1309 2595 millia
1324 2529 1433 2594 Tarta·

66 2637 179 2696 rorum,
203 2621 339 2703 reliquos
351 2621 390 2683 ad
405 2617 557 2696 Capisam,
583 2638 642 2684 nou
656 2623 877 2685 contemnendo
890 2637 1017 2686 numero
1029 2621 1245 2702 congregatos,
1271 2618 1434 2699 dissipavit

67 2724 100 2771 ac
124 2707 290 2790 dispersit;
315 2708 390 2773 fecit
408 2707 611 2789 irruptionem
635 2709 666 2772 iu
689 2708 849 2773 Tureicam
867 2708 1024 2786 ditionem,
1048 2707 1272 2790 longelateque
1289 2705 1431 2785 uastauit,

74 2796 233 2878 occupatis
254 2815 313 2859 ncn
336 2795 567 2860 contemnendis
591 2794 760 2862 fortalitiis.
785 2796 937 2860 Dominus
961 2794 1043 2860 Zuza
1066 2797 1147 2860 iusto
1168 2793 1283 2878 praelio
1306 2800 1338 2857 et
1360 2811 1430 2858 eon·

67 2880 153 2946 flictu
177 2883 345 2948 Turcicum
369 2883 537 2948 exercitum
565 2883 678 2965 viginti
710 2885 843 2967 quinque
875 2883 1011 2948 millium
1035 2884 1169 2966 gloriose
1200 2882 1369 2965 prostravit
1391 2900 1427 2947 ac

65 2969 188 3036 delevit.
210 2970 348 3035 Tandem
373 2973 410 3034 ad
434 2974 574 3035 sanctum
593 2971 809 3050 Gottbardum,
833 2971 1023 3036 irruentibus
1045 2973 1076 3034 iu
1101 2990 1155 3036 nos
1180 2973 1247 3035 tota
1269 2971 1383 3034 uirtute
1399 2973 1432 3035 et

68 3060 222 3139 potestate
234 3059 354 3136 Turcis,
380 3059 515 3141 ipserum
541 3058 735 3123 inimicorum
759 3059 958 3136 confessione,
982 3059 1089 3124 florem
1115 3059 1246 3123 militiae
1269 3060 1301 3122 et
1323 3059 1425 3135 robur,

67 3145 230 3211 Gallorum
255 3150 286 3211 et
309 3147 517 3230 imperialium
534 3148 718 3228 praesertim
736 3147 860 3226 virtute,
885 3147 992 3212 amisit
1016 3149 1047 3212 et
1069 3148 1115 3210 ita
1131 3149 1346 3211 consternatus
1369 3144 1429 3208 fuit

70 3237 99 3296 et
121 3234 155 3298 in
179 3234 388 3300 contricionem
412 3234 566 3314 redactus,
591 3237 635 3314 ut,
660 3235 687 3298 si
710 3235 810 3299 solum
835 3240 966 3319 quatuor
991 3233 1091 3298 millia
1119 3236 1291 3300 nostrorum
1315 3234 1430 3297 transi·

68 3323 187 3387 sissent
209 3321 338 3388 fluvium
362 3323 500 3401 Rabem,
532 3325 617 3387 totus
652 3323 802 3387 exercitus
832 3324 936 3407 magui
968 3325 1079 3388 venerii
1103 3324 1170 3387 erat
1192 3321 1255 3384 iam
1291 3321 1324 3383 iu
1347 3318 1429 3402 fuga,

69 3407 289 3493 dispersusque
311 3410 423 3476 fuisset
446 3429 483 3474 ac
506 3410 676 3494 dissipatus
699 3430 771 3475 curn
793 3411 894 3494 gloria
920 3415 1094 3476 nostrorum
1125 3429 1160 3474 ac
1185 3408 1431 3487 christianitatis,

72 3516 162 3579 quam
187 3499 337 3563 hactenns
361 3517 514 3580 nunquam
539 3499 673 3564 assecuti
696 3498 829 3564 fuerunt.
854 3499 1027 3577 testebant,
1051 3499 1198 3581 petebant
1210 3495 1293 3562 Galli
1317 3496 1429 3574 etalii,
1504 3567 1513 3572 ,

72 3585 178 3650 liceret
203 3587 280 3669 ipsis
302 3587 422 3650 Rebam
447 3587 599 3660 transire;
624 3587 677 3651 sed
703 3587 901 3652 nullomodo
925 3586 1100 3670 agenerali
1125 3585 1344 3650 Montecncolii
1360 3585 1433 3648 sunt

70 3674 221 3754 permissi.
244 3673 344 3739 Erant
367 3675 430 3738 iam
453 3675 555 3757 parati
578 3675 609 3738 in
633 3673 757 3740 Oroatia
780 3694 850 3740 curn
873 3675 998 3740 domino
1020 3678 1122 3735 comite
1150 3677 1237 3734 Petro
1262 3675 1349 3733 Zrtne'
1371 3672 1432 3735 cir-

70 3761 144 3825 citer
168 3763 303 3827 sedecim
329 3762 430 3826 millia
454 3763 564 3846 optimi
589 3763 685 3828 nostri
710 3763 837 3842 militis,
862 3766 912 3846 qui
937 3781 990 3846 per
1016 3760 1129 3826 Savum
1158 3759 1285 3823 fluvium
1319 3763 1350 3822 et
1377 3778 1432 3841 per

71 3851 185 3914 terrem
219 3849 385 3914 irruissent
416 3851 447 3914 in
480 3850 646 3926 Bosniam;
678 3852 834 3916 habebant
864 3850 1124 3916 assecurationem
1161 3866 1180 3911 a
1210 3846 1430 3924 Bosneusibus,

68 3937 157 4018 quod,
181 3957 275 4020 quam
309 3939 444 4020 primurn
478 3939 633 4017 venirent,
669 3958 775 4004 omnes
809 3941 982 4004 Bosuenses
1014 3958 1081 4003 sese
1106 3936 1181 4018 ipsis
1216 3935 1430 4016 adiungerent,

70 4027 176 4090 contra
198 4025 314 4090 ‘Furcas
338 4028 521 4108 exurgerent
546 4030 578 4092 ct
596 4027 783 4110 Belgradum
808 4045 904 4110 usque
919 4028 1021 4092 omnia
1045 4025 1238 4109 occuparent.
1263 4023 1309 4086 Ex
1333 4021 1432 4086 altera

71 4115 157 4193 parte
180 4112 383 4196 Trausylrani
404 4115 436 4177 et
458 4113 517 4178 due
541 4115 695 4198 principes
719 4114 847 4180 Valacb'r
871 4115 1026 4180 habebant
1046 4114 1204 4178 nobiscum
1228 4109 1432 4192 conspiratio-

73 4218 152 4278 nem,
178 4202 258 4284 qucd
279 4203 402 4266 tantum
427 4219 497 4265 eum
525 4220 578 4267 sex
602 4202 650 4268 vel
673 4208 740 4267 octo
762 4202 902 4268 millibus
926 4201 1149 4267 Germanorum
1171 4198 1302 4264 fuissent
1324 4197 1432 4278 adiuti,

72 4285 162 4352 facile
186 4288 414 4372 quinquaginta
438 4290 486 4353 vel
510 4291 670 4373 sexaginta
691 4291 791 4355 millia
826 4293 972 4374 ipsorum,
998 4290 1131 4353 Turcam
1155 4288 1192 4352 ab
1217 4305 1252 4350 ea
1274 4293 1362 4366 parte
1386 4286 1433 4349 in-

73 4375 229 4442 vaderent.
253 4376 296 4442 Et
319 4377 381 4441 iam
405 4377 435 4440 in
460 4378 609 4460 superiori
627 4377 787 4462 Huugaria
804 4380 893 4443 erant
914 4378 946 4442 iu
970 4396 1078 4459 campo
1097 4394 1190 4458 prope
1206 4373 1316 4456 viginti
1334 4374 1433 4439 millia

73 4463 300 4549 Huugarorum,
323 4463 597 4530 selectissimorum
621 4467 726 4544 etiam,
751 4484 812 4530 uua
832 4485 903 4530 cum
920 4464 1138 4548 Trausylvauis
1162 4465 1194 4526 et
1217 4463 1354 4541 seorsim,
1372 4462 1432 4527 ini·

74 4553 187 4618 micum
209 4553 375 4637 egressuri.
399 4554 547 4618 Mittebat
571 4555 745 4636 imperium,
770 4556 802 4619 et
828 4555 860 4617 in
886 4553 936 4618 via
960 4553 1057 4628 eraut,
1081 4551 1431 4633 appropinquabantque

72 4640 165 4705 validi
188 4641 351 4718 exercitus,
377 4659 429 4704 rex
459 4640 580 4706 Galliae
612 4641 719 4706 decem
742 4643 840 4707 denuc
873 4640 974 4705 millia
996 4657 1120 4704 suornm
1144 4637 1310 4718 offerebat,
1335 4638 1431 4701 immo

73 4729 165 4792 etiam
187 4727 270 4794 ultra
293 4727 417 4811 Vagum
440 4728 522 4794 circa
546 4729 650 4813 Vynar
673 4730 793 4812 poterat
816 4748 871 4813 per
894 4730 1016 4794 nostros
1032 4725 1173 4792 totaliter
1196 4724 1292 4866 delegi
1321 4723 1431 4787 venerii
