3300 5248
239 335 301 401 136

236 513 346 591 liaset;
379 529 414 576 ex
446 510 534 593 parte
565 510 669 575 autem
700 507 910 574 Excellentiao
939 508 1072 586 vestrae,
1104 507 1202 572 talem
1236 507 1450 573 remissionem
1474 507 1509 572 et
1532 506 1611 572 sub·

238 601 419 667 missionem
442 596 507 663 fere
531 597 803 680 gloriosissimamz
835 596 956 663 scilicet
986 614 1058 660 cum
1081 595 1145 661 iem
1170 597 1266 678 possit
1289 595 1432 661 divexare
1454 597 1487 660 et
1511 594 1610 660 deva·

238 692 322 754 stare
345 705 406 751 uon
429 703 593 763 caesarem,
626 685 679 749 sed
713 685 891 749 innocentes
920 683 1064 760 vasallos,
1097 683 1255 749 remittere
1279 685 1383 748 umen
1406 682 1549 767 gladium
1575 683 1611 746 in

237 779 381 861 vaginam
404 774 593 855 ingratiam
618 773 762 838 caesaris.
787 771 924 838 Suadent
948 772 1018 836 boni
1042 788 1159 848 omues,
1194 773 1230 835 ut
1253 771 1353 837 filium
1376 789 1437 836 nou
1453 770 1609 848 maculet,

238 865 335 930 immo
358 881 378 927 a
399 881 432 927 se
455 861 589 944 ableget,
610 861 659 925 vel
682 859 788 943 fugero
808 861 889 926 sinat
914 859 951 924 ad
973 877 1131 924 caesarem
1155 858 1203 923 vel
1225 863 1310 924 certo
1333 861 1370 923 ad
1393 859 1517 923 exteras
1534 877 1610 940 par·

239 955 297 1027 tes,
323 952 355 1015 in
378 949 490 1032 quibus
513 949 573 1013 erit
595 966 739 1023 securum
763 967 835 1012 nam
859 947 885 1011 si
910 948 1013 1012 restra
1037 945 1219 1011 excellentia
1241 946 1388 1024 lucretur,
1415 945 1499 1011 filius
1526 947 1607 1010 hae-

240 1036 399 1117 toditabit
435 1036 606 1101 lucrabitur
629 1033 728 1112 filius;
764 1035 790 1099 si
812 1034 932 1118 perdat,
956 1053 1011 1116 pro
1033 1034 1109 1099 filiis
1134 1053 1257 1116 semper
1279 1035 1338 1098 erit
1361 1033 1483 1116 gratiae
1506 1033 1609 1110 locus,

240 1127 320 1211 quod
341 1144 414 1190 sene
439 1142 561 1206 semper
583 1121 716 1188 iudicavi
746 1142 814 1188 csse
837 1122 1065 1188 validissimum
1090 1125 1310 1204 argumentum
1334 1121 1367 1186 in
1391 1119 1554 1204 theologia
1576 1121 1610 1184 et

242 1215 380 1297 politica.
403 1211 436 1277 Si
468 1210 552 1275 fuero
583 1208 686 1276 iussus
718 1209 829 1287 redire,
860 1209 1012 1287 obediam,
1043 1209 1090 1274 siu
1121 1209 1235 1285 minas,
1265 1209 1337 1275 binc
1358 1207 1519 1274 discedere
1544 1226 1610 1274 non

239 1303 288 1366 est
313 1298 470 1384 possibile,
496 1317 566 1363 nam
590 1297 667 1362 nulli
691 1298 783 1362 datur
804 1315 913 1381 passus
936 1298 972 1362 ad
997 1299 1131 1362 vestram
1164 1295 1390 1374 excellentiam,
1423 1315 1523 1379 neque
1548 1315 1607 1378 po·

241 1392 336 1467 stam,
360 1405 473 1470 equum
490 1388 544 1450 aut
560 1404 683 1450 currum
707 1387 811 1468 potest
832 1386 914 1451 ullus
933 1384 1100 1450 conducere
1116 1383 1182 1450 sine
1206 1402 1350 1467 expressa
1365 1383 1504 1460 lieentla,
1529 1383 1608 1448 dato

240 1496 295 1542 suo
319 1476 441 1541 nomine
466 1475 523 1539 etc.
550 1471 582 1537 Si
604 1491 673 1537 mea
696 1473 872 1538 commissio
895 1490 954 1538 nou
985 1473 1125 1537 curetur:
1157 1472 1265 1536 babila
1290 1471 1416 1537 licentia
1439 1470 1608 1537 conferam

237 1583 288 1628 me
312 1563 360 1629 vel
382 1562 503 1626 Budam
525 1561 564 1624 ad
587 1560 724 1626 thermas
747 1562 797 1626 vel
821 1561 957 1626 Brunam
980 1561 1019 1623 ad
1040 1560 1165 1626 amicos.
1188 1559 1381 1643 Ubicumque
1399 1558 1496 1635 luero,
1518 1578 1608 1624 sem-

239 1667 365 1733 peroro
389 1649 586 1733 gratissimus
619 1667 725 1714 servus
757 1651 878 1716 vestrae
906 1648 1105 1714 excellentiae
1129 1649 1161 1712 et
1196 1665 1270 1712 suae
1294 1647 1421 1722 domus3
1445 1647 1608 1730 deumque

236 1738 381 1804 continuo
405 1737 529 1820 rogabo,
553 1736 589 1800 ut
612 1737 715 1801 omnia
739 1735 771 1801 in
793 1736 906 1802 benum
929 1736 1037 1801 uertat.
1061 1733 1235 1818 computus
1252 1735 1501 1818 etquiettantiae
1518 1753 1610 1800 com-

237 1825 422 1891 mendentur
445 1823 582 1902 Isacioio‚
607 1843 642 1889 ea
665 1825 746 1889 enim
778 1823 809 1888 in
840 1841 947 1888 mensa
977 1823 1098 1906 reliqui.
1132 1823 1240 1888 litium
1269 1823 1360 1906 atque
1383 1823 1480 1886 etiam
1504 1839 1607 1905 rogo:

239 1931 300 1979 non
325 1912 503 1996 implicetur
522 1911 615 1990 lilius,
640 1912 693 1994 qui
714 1910 766 1976 hic
789 1910 837 1977 est
858 1912 890 1976 in
913 1910 1032 1994 optima
1063 1909 1203 1992 opinione
1235 1909 1331 1976 etiam
1354 1911 1523 1992 antequem
1548 1928 1609 1992 ego

234 2001 424 2084 appuleram.
448 2001 519 2066 Mea
541 1999 681 2079 consilia,
716 2017 795 2082 quae
817 1999 987 2085 acceptata
1016 1997 1111 2076 luero,
1144 2015 1301 2081 uunquam
1319 1997 1445 2064 obfuere
1468 1997 1608 2064 Vestras

234 2087 442 2154 excellentiae.

322 2178 351 2240 U
371 2178 507 2240 aadbielr.
533 2177 650 2238 artiore.
672 2177 829 2251 Epistolac
852 2177 892 2237 ad
914 2177 1055 2237 dbusos.
1078 2180 1144 2236 lom.
1178 2175 1250 2246 VII,
1274 2193 1321 2236 ar.
1347 2177 1397 2235 ⁶1.
1422 2173 1483 2236 Ouo
1500 2178 1609 2249 pisano

234 2265 335 2327 namu
352 2267 491 2340 podpisa,
514 2266 548 2326 m·
569 2267 684 2340 epatu,
712 2265 781 2340 pdp'c
806 2267 840 2338 jc
868 2265 997 2338 pisano3
1030 2265 1073 2324 ali
1103 2263 1299 2338 msudrdap'a
1319 2263 1452 2338 ipisrau
1473 2264 1543 2324 uidi
1566 2281 1608 2335 ec,

234 2353 276 2414 da
290 2356 326 2429 jc
348 2355 386 2415 od
407 2372 432 2415 o.
454 2353 500 2414 Μ.
524 2353 678 2414 Forstulla
698 2354 710 2412 ι’
729 2354 758 2414 ia
780 2351 872 2414 Bada.
985 2351 989 2359 '

865 2542 960 2625 aba.

234 2672 329 2742 1670,
352 2671 375 2731 2
397 2671 527 2744 trebatio.
553 2668 622 2729 Bcd.
653 2667 738 2729 nnec
766 2667 916 2729 Loblrooic
946 2667 1015 2742 amc
1044 2667 1136 2728 Petra
1169 2667 1350 2728 Zrdoslromu
1371 2667 1455 2728 uada
1473 2669 1608 2742 pomulo-

564 2753 668 2835 cunjn,
690 2757 747 2816 alre
768 2773 800 2817 aa
820 2757 1007 2830 dobroeolp'no
1030 2756 1131 2830 trullo
1149 2757 1265 2830 poree.

338 2873 423 2954 Quae
444 2893 522 2941 sacr.
546 2893 626 2941 caes.
650 2875 807 2940 maiestati
837 2875 961 2941 domino
990 2877 1095 2941 nostro
1117 2874 1367 2942 clementissimo
1391 2875 1552 2941 mediante
1575 2897 1607 2960 p.

233 2963 386 3046 magistro
420 2963 542 3029 Foratal
573 2962 785 3028 illustrissime
820 2962 987 3029 dominatio
1018 2965 1122 3029 vestra
1161 2961 1268 3046 exponi
1292 2962 1422 3042 curavit,
1446 2961 1551 3030 relata
1575 2967 1608 3030 et

234 3069 291 3135 pro
314 3068 461 3135 responso
483 3050 556 3116 data
578 3049 673 3129 luere,
708 3050 869 3116 brevitatis
904 3069 997 3116 causa
1030 3050 1069 3115 ad
1094 3050 1219 3116 dictum
1241 3052 1362 3134 patrem
1386 3069 1436 3116 me
1458 3051 1607 3130 remitto,

237 3138 450 3222 animitusqus
478 3158 513 3203 er
537 3136 727 3203 immutabili
750 3137 869 3216 effectu,
901 3155 961 3222 quo
984 3157 1059 3222 erga
1081 3137 1333 3204 illustrissimam
1354 3137 1606 3205 dominationem

235 3226 374 3292 vestram
398 3225 607 3292 indesinenter
629 3225 719 3302 feror,
750 3225 868 3291 sincere
898 3227 1029 3291 suadeo:
1062 3225 1140 3292 nolit
1163 3225 1200 3290 de
1224 3225 1440 3308 augustissimi
1462 3225 1608 3310 impera-

236 3313 317 3378 toris
342 3315 448 3379 innata
468 3313 661 3398 benignitate
684 3311 836 3392 dubitare,
871 3313 924 3378 sed
958 3314 1023 3379 eius
1055 3330 1193 3379 summae
1226 3313 1411 3380 clementiae
1443 3331 1475 3379 se
1509 3313 1608 3396 plane

236 3401 398 3466 confidere.
431 3401 519 3466 Unde
549 3400 734 3485 experietur,
769 3400 796 3465 si
826 3399 976 3466 desideria
1005 3419 1065 3465 non
1096 3420 1151 3484 per
1178 3399 1242 3465 vim
1274 3401 1366 3484 pacti,
1400 3419 1456 3466 uec
1489 3405 1605 3482 armis,

234 3505 314 3570 quae
336 3487 458 3553 nonnisi
480 3487 584 3573 inique
613 3491 645 3552 et
676 3488 853 3554 scandaloso
884 3488 990 3554 contra
1020 3487 1192 3572 principem
1216 3487 1394 3554 naturalem
1416 3491 1450 3553 et
1473 3491 1606 3556 tautum

100 3597 102 3602 ¹
233 3573 436 3640 monarcham
471 3576 607 3660 impendi
641 3576 778 3659 possunt,
813 3577 1001 3658 extorquere,
1035 3594 1142 3641 verum
1177 3574 1301 3642 decenti
1335 3575 1548 3642 submissione
1574 3581 1608 3644 et

232 3659 345 3726 debitis
368 3663 512 3746 precibus
534 3664 701 3748 impetrare
724 3664 887 3730 conabitur
909 3683 975 3729 rem
1003 3681 1146 3747 prospere
1171 3681 1394 3730 successuram.
1435 3659 1607 3749 Quaprop-

230 3751 278 3814 ter
309 3749 347 3815 de
377 3749 607 3818 illustrissimae
633 3752 849 3818 dominationis
881 3752 1001 3817 vestrae
1031 3750 1194 3836 prudentia
1225 3751 1303 3817 mibi
1331 3749 1487 3834 polliceor,
1519 3752 1606 3818 hanc

232 3837 471 3904 admonitionem
497 3859 556 3905 uon
579 3840 775 3918 reiecturum,
805 3840 908 3922 potius
937 3840 981 3904 ita
1003 3857 1233 3923 perpensuram‚
1266 3839 1315 3904 uti
1337 3839 1479 3924 gravitas
1503 3839 1606 3906 istius

232 3927 422 4011 emergentis
444 3927 573 4009 periculi
597 3927 742 4008 requirit·

281 4016 309 4078 U
330 4035 355 4078 c.
378 4019 431 4091 lul.
454 4015 517 4078 drd.
541 4017 649 4076 arlra'ou
671 4017 793 4077 bedleem.

693 4332 786 4404 1670,
809 4331 831 4390 2
855 4211 984 4406 offam.
1009 4330 1139 4393 (traduc.

334 4448 451 4534 VoJ'eno
478 4446 562 4515 viec‘e
591 4447 753 4532 izrjedc‘uje
784 4467 867 4530 caru,
898 4450 939 4516 da
971 4471 1007 4516 su
1031 4470 1066 4517 aa
1090 4451 1247 4537 izuedenjs
1272 4450 1417 4535 njegovib
1439 4455 1603 4518 naredaba

233 4534 271 4598 od
295 4533 338 4597 29
361 4535 371 4598 i
396 4535 439 4598 30
461 4535 570 4620 oiujlra
594 4537 692 4603 driali
721 4536 816 4603 danes
846 4558 866 4603 u
895 4539 981 4622 jutro
1004 4538 1141 4623 sjednicu
1165 4539 1175 4602 i
1200 4559 1220 4604 u
1244 4538 1308 4623 nj0j
1333 4537 1440 4604 uiedali
1464 4557 1482 4603 o
1509 4542 1602 4624 pred·

226 4620 310 4686 lozih
333 4624 479 4702 generula
510 4623 683 4706 Spankava.
715 4624 762 4690 On
791 4625 823 4708 je
854 4625 947 4708 htjeo
980 4625 1020 4690 da
1049 4646 1102 4691 mu
1134 4645 1166 4691 se
1197 4626 1273 4691 dade
1301 4627 1384 4710 proti
1410 4625 1600 4692 Zriuslromu

228 4725 283 4774 saa
307 4707 417 4791 vojslra
450 4710 593 4776 ualaneda
624 4731 657 4778 se
687 4731 707 4778 u
740 4697 920 4798 Stajerslroj,
954 4712 1108 4797 Korudlroj
1138 4715 1148 4778 i
1179 4713 1357 4798 KraujslroJ‚
1388 4712 1429 4779 ali
1450 4712 1484 4798 js
1510 4713 1598 4782 riec‘c
