3300 5248
1361 345 1422 410 117

78 511 149 576 sima
169 511 354 580 resolutione
377 514 521 579 maiestas
545 532 601 580 sua
623 516 752 580 eundem
777 515 940 581 certiorem
965 516 1032 581 fieri
1055 517 1171 599 uoluit,
1203 518 1350 586 adiuncto
1373 541 1424 588 er·

79 617 171 681 presso
193 601 349 678 mundato,
375 602 410 664 nt
430 601 471 666 xab
494 601 550 665 illa
573 620 668 685 quam
699 603 833 683 primum
866 604 898 668 et
927 603 1044 669 intuitu
1074 604 1165 670 huius
1199 607 1299 672 adbuc
1332 607 1424 674 bodie

79 687 227 752 ulteriores
252 687 475 766 intimationes,
497 689 764 772 proclamationes,
787 690 929 772 patentes
952 698 984 756 et
1007 692 1291 773 similiaconsueta,
1317 698 1349 762 et
1363 715 1422 779 qao

81 794 148 857 opus
168 777 222 852 est,
248 777 381 858 desuper
398 777 596 858 expediantur
628 796 664 842 uc
695 777 922 859 consignentur.
959 776 1045 856 Quod
1078 780 1200 846 effectui
1234 783 1422 867 quantocyus

78 863 237 946 mancipare
260 864 391 928 novarit.
416 863 476 928 Per
498 864 717 946 imperatorem
733 863 871 930 Viennae
895 866 947 930 29.
970 867 1076 931 martii
1104 867 1198 933 1670.

167 951 328 1016 lavana.
360 950 411 1016 Ad
435 952 651 1018 cancellariam
685 952 930 1017 Huncariorum:
959 953 1121 1028 intimatio
1151 955 1306 1022 bennatus
1329 958 1421 1024 officii

78 1036 258 1104 iniuridicis
282 1037 424 1122 episcopo
446 1039 663 1124 Zagrabiensi,
696 1040 726 1106 iu
761 1039 950 1106 militaribus
982 1059 1052 1106 uero
1084 1043 1191 1108 comiti
1215 1043 1342 1109 Nicolao
1364 1046 1424 1110 Er·

75 1123 150 1190 deodi
171 1126 420 1210 provisionaliter
441 1126 585 1192 concessi.

731 1291 757 1332 (t.

74 1392 210 1468 Leopoldo
229 1395 250 1454 1
272 1395 340 1469 dqp'c
360 1395 425 1456 bro.
449 1396 523 1456 eleo.
557 1396 646 1456 ἀοῑοι.
673 1397 840 1456 stultiem‘i
865 1398 1000 1458 reducem
1028 1391 1070 1458 oro
1098 1399 1206 1472 uuordo
1239 1395 1429 1474 imeoooaaje‘

73 1498 144 1556 supr.
164 1483 292 1556 arnapa
317 1483 364 1544 Μ.
388 1483 557 1544 Borkooidu
586 1487 662 1560 ior.
687 1483 792 1544 Niloole
821 1484 960 1544 Erdbdic
988 1502 1026 1546 co
1056 1487 1166 1546 hausto
1192 1489 1425 1560 concesseruut

271 1571 457 1645 boebedaite
479 1572 638 1646 slauulopc
661 1575 719 1631 ele
739 1571 815 1632 docti
832 1591 879 1648 pr.
898 1573 990 1632 Petro
1013 1572 1212 1648 Ζοίοοῖεορο.ι

165 1689 338 1773 leopoldus
361 1689 412 1755 dei
436 1690 539 1775 gratia
558 1691 676 1756 electus
700 1690 907 1756 Romanorum
924 1691 1091 1774 imperator
1113 1712 1236 1777 semper
1259 1697 1419 1779 angustus,

73 1793 106 1840 ac
125 1775 315 1856 Germaniae,
340 1778 518 1862 Hungariae
543 1778 708 1843 Bohemiae
732 1779 790 1843 etc.
816 1797 883 1844 rex:
909 1778 1090 1859 Reverendi,
1115 1782 1320 1861 honorabiles,
1349 1803 1418 1866 epe-

75 1865 202 1944 ctabiles,
227 1865 407 1950 magnifici,
442 1865 558 1949 egregii
593 1867 625 1930 et
656 1864 793 1946 nobiles,
830 1867 995 1948 prudentes
1028 1868 1103 1932 item
1133 1887 1168 1933 ao
1192 1868 1417 1952 circumspecti,

72 1949 176 2032 fideles,
200 1953 289 2018 nobis
314 1952 430 2018 dilecti.
457 1954 663 2037 Posteaquam
687 1971 787 2019 eomes
812 1953 923 2018 Petrus
946 1972 964 2018 a
987 1954 1068 2033 Zrin,
1093 1975 1184 2038 quem
1211 1956 1341 2021 antehac
1363 1957 1419 2022 ho·

72 2057 133 2102 nrm
148 2058 315 2123 regnorum
338 2043 510 2106 nostrornm
534 2042 648 2106 benum
675 2041 953 2118 constitueramus,
981 2060 1000 2105 a
1023 2043 1142 2108 meritis
1173 2044 1326 2108 maiorum
1349 2061 1420 2109 suo·

71 2145 132 2190 mm
154 2127 297 2212 degener,
321 2129 554 2212 gratiarumque
577 2147 612 2194 uo
637 2129 853 2193 beneficiorum
865 2131 1061 2211 acceptorum
1084 2131 1256 2209 immemor,
1281 2131 1419 2198 nescitur

73 2232 126 2295 qno
146 2235 221 2280 ausu
242 2215 409 2282 temerario
431 2216 552 2298 ductus,
577 2217 623 2281 dei
649 2219 682 2282 et
703 2217 862 2280 bominum
886 2217 997 2282 timore
1021 2219 1203 2302 postposito,
1227 2218 1340 2302 spretis
1364 2237 1419 2302 pa-

73 2301 144 2366 triae
172 2302 311 2386 legibus,
343 2303 581 2387 posthabituqne
612 2302 763 2369 fidelitate
794 2322 834 2368 ac·
861 2303 1020 2369 deuotione
1052 2305 1209 2371 maiestati
1241 2307 1363 2371 nostrae
1387 2311 1418 2372 et

72 2406 168 2453 morae
188 2391 276 2474 regui
299 2391 397 2456 nostri
420 2391 598 2474 Hungariae
621 2409 751 2456 coronae
784 2391 905 2466 debita,
942 2391 1028 2456 nulla
1052 2393 1146 2456 etiam
1170 2392 1311 2475 publicae
1333 2393 1417 2475 pacis

71 2479 99 2538 et
120 2478 365 2561 tranquillitatis,
390 2478 552 2561 officiique,
576 2479 648 2543 fidei
675 2497 710 2544 ac
734 2478 893 2562 religionis
917 2478 1035 2544 ratione
1065 2479 1188 2556 habita,
1213 2481 1244 2543 in
1267 2497 1338 2556 nos,
1362 2479 1417 2545 do·

70 2562 180 2630 minum
203 2583 240 2630 ac
262 2585 369 2650 regem
393 2585 484 2630 surum
508 2565 786 2632 clementissimum
810 2566 927 2632 crimen
949 2565 1052 2631 laesae
1067 2567 1251 2645 maiestatis,
1276 2566 1418 2648 perduel-

69 2649 152 2717 lionis
175 2653 208 2718 et
230 2653 449 2733 infidellitatis,
473 2653 615 2736 pluribus
638 2655 737 2718 modis
761 2655 954 2719 committere
978 2655 1094 2720 ueritus
1115 2671 1176 2718 non
1200 2653 1325 2719 inisset:
1348 2654 1417 2720 ideo

67 2739 190 2804 eundem
214 2741 357 2806 omnibus
381 2741 501 2820 officiis,
525 2742 701 2820 bonoribus,
725 2741 905 2825 privilegiis,
931 2741 1200 2819 immunitatibus,
1223 2742 1343 2824 gratiis,
1368 2741 1416 2806 in·

66 2825 143 2892 ribus
166 2830 197 2893 et
219 2828 436 2912 dignitatibus,
460 2829 643 2912 praesertim
667 2846 739 2894 uero
760 2828 892 2894 antelati
915 2829 1048 2894 banatus
1070 2828 1185 2913 (pronti
1206 2829 1281 2894 baec
1313 2829 1418 2894 omnia

67 2931 99 2976 er
126 2915 195 2980 aliis
224 2915 326 2981 literis
359 2915 471 2981 nostris
504 2916 679 2998 patentibus
712 2917 837 2982 uberius
869 2915 1058 2981 intellecturi
1091 2915 1180 3001 estis)
1211 2916 1415 2996 eximendum,

66 3002 295 3082 privandumst
326 3003 474 3068 rebellem
508 2999 769 3086 pronunciaudum
801 3005 893 3086 atque
922 3004 1177 3087 proscribendum
1209 3023 1275 3069 esse
1311 3004 1416 3070 decre-

68 3087 180 3170 uimus3
202 3091 281 3154 nibil
305 3091 399 3173 prius,
425 3093 480 3155 ant
502 3093 601 3174 magis
625 3091 657 3156 in
677 3091 757 3157 votis
780 3091 938 3169 babentes,
962 3109 1052 3174 quam
1077 3094 1113 3157 ut
1137 3111 1191 3175 pro
1216 3095 1342 3174 paterna
1362 3111 1417 3157 no·

69 3179 135 3254 stra,
157 3196 217 3260 qna
238 3178 269 3242 in
294 3178 569 3256 conseruationem,
594 3179 860 3266 defensionemque
881 3181 1196 3260 praememoratomm
1212 3180 1322 3244 horum
1345 3196 1416 3263 reg·

68 3281 169 3329 norum
191 3267 367 3332 nostrorum
393 3284 519 3350 syncera
542 3265 680 3342 ferimur,
705 3285 777 3331 cura
808 3266 840 3331 et
870 3265 1078 3331 sollicitudine
1101 3266 1139 3329 de
1171 3265 1209 3329 iis
1231 3264 1341 3329 mediis
1365 3283 1414 3331 co-

70 3351 244 3432 gitaremus,
268 3371 345 3436 quae
366 3353 568 3418 fidelitatibus
599 3355 711 3418 uestris
742 3355 790 3420 uel
824 3354 864 3419 ab
896 3352 1029 3418 externis
1061 3353 1183 3418 iniuriis
1215 3351 1415 3417 securitatem

68 3441 266 3520 praestarent,
291 3441 340 3507 uel
363 3440 402 3505 ad
425 3440 597 3506 domestica
616 3441 675 3506 rite
706 3441 948 3506 administranda
979 3441 1129 3523 optimam
1161 3442 1192 3504 et
1222 3442 1416 3505 commodam

65 3527 193 3594 conlcrre
217 3531 343 3612 possent
365 3528 527 3594 rationem.

163 3615 210 3680 Ea
236 3616 339 3698 itaque
360 3617 511 3681 decanea
533 3615 702 3699 proficuum
727 3635 763 3682 ac
787 3637 802 3680 c
823 3635 865 3694 re,
891 3616 1156 3700 emolumentoqne
1188 3617 1326 3683 vestrum
1349 3634 1417 3683 om·

66 3703 143 3767 nium
167 3702 309 3768 futurum
334 3723 400 3770 esse
417 3704 601 3780 censuimus,
629 3704 655 3767 si
676 3704 713 3768 ad
733 3705 957 3787 praecavendas
969 3704 1093 3785 quasvis
1111 3705 1312 3782 confusiones,
1330 3723 1418 3787 prae·

64 3791 268 3871 specificatum
293 3792 425 3857 bonatus
449 3790 586 3856 officium
610 3789 662 3854 din
686 3809 795 3855 uacare
817 3809 877 3856 non
896 3791 1126 3874 permittamus,
1150 3792 1204 3856 sed
1235 3792 1327 3857 certis
1349 3791 1417 3874 qui-

63 3875 199 3962 buspiam
223 3878 262 3942 ad
287 3879 317 3943 id
340 3879 456 3944 idoneis
480 3881 512 3944 et
533 3878 739 3961 qualificatis,
771 3878 933 3961 avitaeque
963 3877 1125 3943 fidelitatis
1155 3897 1191 3943 ac
1223 3878 1413 3961 integritatis

63 3965 195 4046 personis
218 3965 298 4030 illud
319 3966 512 4050 prointerim,
536 3967 568 4031 et
591 3967 679 4030 modo
701 3966 872 4049 provisorio
896 3967 1123 4032 concredemus.

160 4052 305 4130 Proinde,
330 4057 492 4137 perspecta
516 4053 657 4137 benigne,
682 4071 718 4118 ac
740 4053 848 4118 multis
869 4053 1063 4136 iampridem
1081 4053 1273 4136 argumentis
1289 4050 1414 4134 cognita

62 4138 200 4206 fidelium
218 4144 395 4206 nostrornm
416 4141 504 4206 nobis
528 4141 720 4219 dilectorum,
744 4141 903 4207 reverendi
924 4141 1053 4206 Martini
1069 4141 1252 4215 Borkovicb,
1277 4138 1415 4221 episcopi

61 4227 273 4311 Zagrabiensis
296 4232 329 4295 et
350 4227 519 4294 consiliarii
543 4229 650 4308 nostri,
675 4247 730 4293 nec
754 4247 814 4294 nou
836 4229 1016 4311 spectabilis
1039 4246 1076 4292 ac
1099 4228 1257 4310 magnifici
1288 4224 1413 4290 comitis

61 4314 178 4382 liicolai
198 4315 323 4400 Erdodp
346 4315 648 4400 dellenyoroneren,
673 4317 789 4381 montis
805 4315 920 4381 claudii
944 4317 976 4381 et
999 4315 1166 4380 comitatus
1181 4312 1416 4379 Varasdiuansis

63 4403 197 4488 perpetui
220 4404 354 4484 comitis,
379 4403 550 4479 camerarii,
575 4403 782 4487 praesidiique
811 4404 908 4469 nostri
932 4403 1133 4469 Petriniensis
1165 4402 1300 4485 supremi
1333 4400 1417 4485 capi-

59 4490 144 4571 tanei,
171 4491 333 4574 praeclara
355 4493 388 4556 iu
410 4507 465 4556 uos
487 4490 557 4570 fide,
581 4490 742 4569 industria,
762 4510 925 4574 rerumque
941 4489 1145 4575 gerendarum
1161 4488 1270 4571 peritia
1294 4508 1328 4555 ac
1344 4489 1419 4556 der·

58 4616 265 4630 ...ρι-

125 4670 132 4699 ¹
152 4667 235 4722 Ouim
252 4665 280 4735 je
298 4665 339 4720 ln.
359 4663 483 4788 odqis'qm
499 4664 672 4746 promienjen
690 4663 740 4718 dre
763 4665 780 4731 ¹,
801 4666 920 4720 nalaacdi
948 4681 975 4718 se
994 4661 1118 4745 talqodjer
1137 4679 1162 4744 n¹
1174 4663 1257 4716 istom
1283 4661 1387 4728 arkiru,
1406 4662 1416 4715 i

58 4741 162 4794 uamtan
183 4737 278 4805 istoga
299 4735 379 4800 dana,
416 4750 481 4805 0er
493 4749 522 4804 Je
540 4750 597 4790 sam
607 4735 723 4804 gr.Nin.
758 4735 833 4790 rdbdi
852 4736 994 4790 menovan
1014 4733 1060 4788 buo
1079 4731 1420 4801 aaprrrremenogabana.
