3246 5266
1318 359 1382 426 aad

50 554 87 600 ne
106 535 219 604 delabi.
243 539 310 622 ligo
333 556 388 604 nse
411 559 553 605 veneram
573 541 611 604 ad
633 538 716 617 lites,
740 559 795 606 nec
812 559 881 606 cum
906 557 974 604 meo
997 537 1238 604 clementissimo
1262 538 1384 604 domino

47 623 170 707 litigar03
194 626 293 692 solum
313 628 353 692 ad
371 629 537 711 benignum
561 630 740 695 mandatum
764 648 836 694 suaa
857 628 1031 693 Maiestatis
1054 630 1085 692 at
1108 629 1290 710 promissam
1314 645 1386 710 gra-

48 712 118 776 tiam.
142 713 206 778 Sed
229 717 381 801 siqnidem
404 737 459 782 sua
481 717 630 781 Maiestas
648 719 691 782 ita
715 717 811 794 iubet,
835 718 870 781 ut
894 718 929 780 ad
954 717 1058 780 omnia
1072 716 1135 779 ista
1152 719 1265 796 puncta
1279 734 1381 778 meam

48 795 233 869 intentionem
252 807 430 890 expandam.
454 805 564 870 faciam
587 807 665 887 quod
691 806 767 870 mihi
788 805 934 887 possibile
955 805 1021 868 erit.
1046 803 1105 869 Sed
1129 803 1384 868 excellentissima

48 887 170 954 domina!
194 911 251 960 nec
274 898 336 962 scio
360 897 461 978 legare
484 892 659 978 germanica
681 895 806 977 scripta,
831 912 886 956 nae
902 911 958 975 ego
973 910 1110 974 unquam
1128 890 1308 956 advocatum
1326 889 1387 973 agi,

48 995 93 1040 nec
121 977 181 1042 fnit
222 1003 309 1049 meae
343 982 539 1067 professionis
574 981 652 1047 scire
686 981 823 1046 iuridiea.
855 981 1024 1062 Eaproptar
1057 979 1194 1062 supplico
1228 979 1387 1044 Maiestati

47 1082 106 1128 suae
135 1085 189 1146 par
222 1073 434 1137 excellentiam
465 1074 610 1148 vestram,
645 1069 681 1134 'at
711 1089 760 1134 nra
791 1071 830 1134 ab
860 1070 921 1134 isto
953 1087 1043 1132 onere
1073 1068 1204 1132 liberare
1234 1068 1409 1150 dignatur„

48 1152 85 1214 rel
106 1153 256 1227 Viennam
281 1179 329 1225 me
352 1159 459 1225 devehi
482 1157 584 1236 iaciat,
606 1158 659 1224 ubi
682 1159 818 1222 invenire
842 1158 953 1237 possim
975 1157 1056 1220 viros
1079 1156 1111 1221 in
1131 1155 1266 1220 iuridicis
1290 1157 1322 1218 et
1344 1155 1386 1218 si·

48 1239 159 1306 milibus
181 1249 306 1332 peritos.
332 1247 524 1313 Recomendo
547 1265 595 1310 ma
617 1248 649 1311 et
678 1263 788 1311 maneo
818 1245 1049 1310 illustrissimae
1080 1245 1112 1308 et
1141 1243 1386 1326 gratiosissimaa

46 1325 248 1403 dominationis
271 1340 390 1402 vestras
413 1335 544 1401 servitor
573 1333 802 1400 addictissimus
832 1333 944 1397 Petrus
966 1350 986 1397 a
1007 1331 1119 1396 atinio.
1143 1331 1187 1395 Ex
1210 1348 1329 1396 earcere
1349 1330 1388 1394 12

48 1425 207 1490 novembris
235 1424 328 1504 1670.
769 1451 775 1462 ·

134 1516 185 1576 Na
207 1518 312 1576 broco:
335 1513 447 1577 Petrus
471 1531 489 1577 a
510 1511 613 1576 Zrinio
637 1511 677 1576 ad
701 1512 730 1576 d.
755 1508 1001 1576 cancellarium:
1026 1507 1163 1590 queritur
1187 1511 1293 1572 contre
1317 1523 1388 1588 pro·

46 1611 153 1665 cessum
175 1602 350 1678 inridicnm
375 1602 406 1666 et
427 1601 506 1683 petit
529 1600 567 1664 ab
598 1598 655 1665 hoc
678 1617 768 1665 onarc
798 1597 925 1664 liberari
954 1595 1003 1661 vel
1027 1595 1179 1660 Viennam
1213 1594 1321 1660 devehi
1348 1594 1387 1660 ad

46 1691 198 1768 quarendos
220 1690 383 1756 advocatos
406 1706 460 1754 sen
479 1686 556 1753 iuris
580 1689 702 1771 peritos.
728 1686 887 1753 Neostadii
913 1686 952 1752 12
975 1683 1149 1752 novembris
1175 1683 1268 1752 1670.

145 1781 173 1842 U
194 1783 309 1842 baddam
332 1781 490 1842 driacaom
513 1781 628 1840 ardica.

672 1954 753 2039 571.

48 2075 130 2150 1670,
155 2083 196 2140 14
217 2082 230 2140 a'
255 2085 296 2142 15
314 2084 392 2144 stad.
418 2081 516 2143 Bcdleo
537 2081 620 2143 Noae
641 2083 751 2157 adesce.
790 2081 892 2141 Pismo
912 2081 1003 2142 Patra
1026 2081 1192 2158 Zriueleopu
1213 2097 1255 2141 aa
1284 2079 1388 2139 tanca-

373 2172 440 2231 lora
462 2169 671 2244 epadloa'caom
695 2171 887 2246 spomcaicom
909 2188 951 2230 aa
972 2187 1053 2232 cera.

138 2307 163 2371 l.
186 2306 413 2383 Illustrissima
431 2309 687 2374 excellentissime
704 2308 836 2387 domine,
853 2310 974 2374 domine
992 2310 1126 2374 Patrona
1141 2306 1388 2373 collandissima!

46 2389 236 2461 Serviliorum
260 2416 400 2462 meorum
420 2396 663 2462 addictissimam
688 2398 960 2463 aemendationem.
986 2397 1079 2462 Mitto
1101 2396 1222 2462 domino
1246 2413 1312 2459 meo
1328 2394 1391 2458 cla-

47 2484 225 2549 mentissimo
257 2485 407 2550 humilem
439 2484 608 2569 supplicem
640 2485 792 2563 libellum,
824 2504 885 2550 nna
914 2505 985 2550 cum
1022 2484 1121 2550 literis
1152 2485 1295 2558 annexis3
1327 2481 1389 2546 scio

46 2572 172 2652 equidem
197 2592 247 2637 ma
270 2592 338 2638 essa
360 2573 537 2650 molestum,
562 2573 615 2638 ssd
638 2576 725 2638 muto
756 2593 848 2656 puero
879 2592 934 2638 nac
962 2575 1063 2638 mater
1094 2571 1243 2655 intelligit
1270 2587 1387 2655 preces,

47 2657 107 2722 ideo
129 2678 182 2724 sua
203 2659 352 2726 Maiestas
376 2660 524 2744 Caesarea
547 2666 595 2727 ast
617 2664 649 2726 ot
671 2666 758 2744 pater
781 2681 866 2727 maus
897 2663 929 2726 et
962 2661 1114 2726 dominus.
1136 2662 1167 2726 at
1197 2659 1315 2736 omnia3
1351 2657 1390 2721 ad

45 2764 125 2826 quem
147 2747 244 2813 alium
267 2767 423 2814 recurram
449 2749 508 2813 nisi
531 2751 569 2814 ad
591 2753 686 2814 eum?
709 2751 880 2833 Eapropter
909 2766 983 2834 rogo
1005 2749 1227 2815 Excellentiam
1243 2747 1390 2822 vestram,

44 2839 74 2897 ut
94 2839 294 2918 praesentare,
319 2841 422 2902 etms
451 2837 699 2903 recommendare
731 2857 768 2904 ne
792 2840 946 2921 gravetur.

137 2924 182 2989 Da
205 2927 336 3003 caetero,
357 2943 413 3008 ego
444 2927 597 3008 composui
621 2926 768 3008 replicem
798 2945 890 3007 supra
920 2944 1105 3009 processum,
1138 2927 1174 2991 nt
1204 2922 1297 2999 scivi3
1328 2923 1390 2987 iam

45 3027 96 3072 non
118 3012 186 3086 scio,
211 3031 250 3078 an
273 3014 465 3078 contentabit
487 3015 621 3078 vestram
645 3015 867 3092 excellentiam,
897 3033 955 3079 non
985 3013 1067 3078 anim
1099 3014 1148 3079 est
1176 3010 1305 3077 iuridiee
1337 3011 1391 3076 sed

45 3097 71 3160 in
93 3100 222 3184 simplici
253 3103 285 3167 at
319 3099 401 3166 nuda
432 3101 580 3174 veritata;
613 3102 737 3168 iubatus
768 3102 844 3168 milvi
876 3103 1011 3180 mittere,
1041 3102 1074 3166 in
1105 3102 1161 3168 boc
1193 3099 1393 3164 excellentiae

45 3188 153 3253 vestrae
173 3189 259 3254 iussa
282 3189 504 3272 praestolabor.
922 3265 925 3274 s

138 3277 262 3360 Snplico
286 3277 474 3354 becedam,
498 3297 536 3342 ne
552 3296 605 3359 par
627 3278 821 3352 caussidicos,
846 3297 900 3361 por
915 3278 1082 3343 tribunalia
1097 3277 1232 3342 lacerare
1255 3277 1286 3340 et
1309 3273 1393 3339 infa-

44 3363 113 3425 mari
136 3384 238 3429 meum
262 3377 372 3432 noman
395 3366 585 3447 permittant.
617 3366 727 3431 Manae
759 3367 998 3442 illustrissimae,
1031 3364 1305 3431 excellentissimae
1339 3363 1393 3428 do-

44 3449 209 3517 minationis
233 3455 355 3518 vostrae
379 3455 507 3518 servitor
528 3453 739 3520 adietissimus
763 3456 794 3520 et
816 3455 958 3539 captivus
982 3455 1017 3519 P.
1041 3473 1059 3519 a
1083 3453 1154 3520 Zrin
1175 3471 1216 3516 m.
1242 3472 1269 3536 p

137 3540 181 3605 Ex
202 3559 323 3606 earcere
349 3541 397 3606 14.
420 3540 604 3608 Novembris
632 3539 724 3606 1670.

138 3629 175 3692 ll.
202 3628 434 3712 Angustissima
456 3631 489 3695 ab
512 3629 717 3696 invictissime
740 3632 924 3712 imperator!
944 3631 1061 3696 Horreo
1094 3630 1237 3706 scribere,
1269 3630 1392 3695 domina

46 3711 287 3796 clementissima,
301 3736 457 3802 nunquam
474 3718 555 3782 enim
572 3718 742 3783 verbositas
758 3721 790 3784 et
804 3719 978 3784 iactitantia
993 3719 1054 3783 luit
1067 3719 1167 3784 amica
1189 3719 1280 3784 labiis
1300 3718 1392 3788 meis:

44 3819 138 3867 vereor
160 3823 288 3888 qnoque.
313 3824 371 3870 non
396 3806 496 3870 solum
520 3805 719 3887 impertinens
751 3807 803 3871 sed
837 3813 868 3872 st
890 3825 1037 3891 arrogans
1064 3826 1099 3871 ac
1115 3807 1280 3890 superbum
1299 3807 1394 3870 videri

43 3886 94 3953 hoc
113 3911 215 3957 meum
239 3893 406 3977 scriptum;
431 3894 630 3959 nihilominus
660 3897 765 3959 tamen
790 3895 913 3960 miseria
943 3896 976 3959 et
997 3895 1160 3960 calamitas
1191 3895 1322 3980 adigunt
1343 3914 1393 3960 me

41 3978 204 4056 vociferare,
227 3981 362 4047 clamare
393 3983 425 4046 et
449 4001 520 4047 vera
550 3981 697 4064 proferre:
733 3983 818 4047 video
850 3983 958 4048 itidem
989 3984 1027 4048 ab
1050 3983 1192 4050 omnibus
1225 4003 1275 4048 me
1306 3982 1394 4048 dora-

42 4061 152 4146 lictum,
176 4087 234 4134 nec
257 4069 310 4146 sit,
340 4070 392 4153 qui
423 4069 605 4134 misereatur
630 4070 700 4134 mai.
733 4070 821 4136 Sicut
852 4071 981 4136 Alienae
1009 4075 1155 4155 quaestus
1184 4071 1266 4136 inter
1297 4070 1393 4137 maris

42 4156 198 4221 saevientis
220 4157 332 4245 fluctus
356 4157 482 4222 auditur
506 4156 599 4222 nihil:
632 4158 675 4222 sie
699 4158 785 4223 video
807 4177 891 4224 masa
915 4159 1092 4237 lachrimas,
1128 4159 1269 4242 suspiria,
1300 4179 1394 4243 quae·

42 4239 126 4321 relas,
148 4245 179 4308 in
195 4246 304 4311 bunos
327 4247 506 4310 evanescere
530 4246 663 4310 umbras.
689 4245 835 4311 Attamen
851 4247 990 4330 supplico
1012 4247 1171 4313 Maiestati
1202 4251 1333 4325 vestrae,
1356 4251 1392 4315 ut

41 4331 162 4410 patienti
186 4334 219 4398 at
241 4351 259 4398 a
281 4333 338 4399 deo
360 4334 466 4398 dotato
489 4351 543 4398 suo
566 4333 669 4397 animo
692 4335 804 4416 legera,
830 4354 884 4400 nee
907 4334 1003 4401 inflati
1028 4354 1063 4401 aa
1086 4336 1199 4401 tumidi
1217 4337 1312 4402 animi
1331 4338 1392 4402 mai

42 4419 117 4571 mogo
139 4420 193 4487 sad
217 4420 319 4486 nudae
342 4425 374 4486 et
396 4439 486 4487 verae
501 4421 635 4500 veritati,
660 4440 794 4505 eaquae
817 4423 945 4505 profero,
969 4422 1144 4489 adscribere
1167 4423 1243 4490 velit
1266 4444 1301 4491 ac
1324 4425 1394 4510 dig-

43 4522 77 4569 na
109 4528 133 4574 r.

143 4593 253 4660 Ordiar
275 4596 380 4681 itaque
403 4597 539 4662 animose
560 4595 703 4662 dicando:
726 4598 892 4663 Peccatum
910 4613 1012 4664 meum
1030 4599 1069 4683 (si
1093 4599 1232 4684 utiquam
1256 4603 1394 4686 appelari

41 4680 122 4766 lieet)
144 4686 265 4749 vestrae
289 4685 446 4750 maiestati
470 4703 624 4749 summam
648 4685 835 4762 felicitatem,
860 4688 1027 4753 maximam
1050 4687 1192 4772 gloriam,
1226 4709 1391 4774 regnorum

39 4769 290 4853 tranquillitatem
322 4774 354 4838 at
385 4774 613 4838 firmamentum
643 4792 799 4839 summum
831 4776 993 4858 peperisse.
1034 4776 1140 4842 lactet
1170 4796 1202 4842 sa
1232 4779 1404 4863 quispiam*
