3296 5276
1364 344 1431 428 bii

88 533 148 602 dies
166 533 204 602 in
225 537 352 616 aestate,
378 538 409 604 in
432 538 533 606 bieme
556 555 611 624 per
631 539 707 607 dnos
730 537 875 607 similiter
897 554 968 606 oum
983 537 1102 606 dnobus
1121 537 1273 623 jumentis
1296 536 1433 605 servien-

88 627 131 690 tes
153 627 225 690 sont
247 627 435 693 circiter24.
458 628 576 694 Deinde
598 627 700 695 coloni
721 647 776 712 per
797 629 872 694 duos
886 627 954 694 dies
968 629 1007 693 vin
1030 630 1158 707 aestate,
1181 629 1214 696 in
1236 628 1345 711 hyeme
1363 643 1434 693 vero

88 728 256 796 perunum
279 713 362 780 diem
386 715 555 782 servientes
579 719 652 783 sunt
675 715 866 798 db;·deindo
888 717 988 782 coloni
1008 736 1061 799 per
1083 715 1283 794 unumdiem
1298 716 1434 781 servien-

86 804 131 866 tes
153 805 227 866 sunt
250 801 279 866 i.
315 803 395 872 item
419 804 543 869 colonus
565 821 643 870 unns
666 807 719 888 qni
750 822 805 893 per
828 820 965 870 mensem
989 820 1084 870 unum
1105 803 1311 870 laboratorem
1347 819 1434 886 prae·

85 891 152 967 stoa
176 891 333 972 praeterea
355 909 406 956 sex
429 891 537 957 domus
557 893 726 976 separatim
748 911 804 976 pro
824 893 974 977 jumentis
993 892 1151 974 pascendis
1174 891 1357 980 deputatam
1377 891 1434 955 de·

84 996 167 1042 mom
189 978 328 1043 libertini
349 978 382 1044 in
403 981 592 1062 possessione
612 981 870 1060 Kusorovcn,
901 983 953 1066 qui
975 981 1091 1045 blebam
1115 979 1238 1065 quidem
1260 994 1322 1044 non
1344 992 1434 1061 preo-

86 1066 167 1130 dont
189 1064 243 1131 sed
264 1059 425 1132 annuatim
448 1071 557 1152 qnotor
578 1070 735 1134 metretas·
747 1068 855 1146 tritici,
878 1069 1009 1151 quatuor
1032 1071 1135 1134 antem
1158 1085 1271 1133 avenae
1293 1068 1326 1132 et
1340 1083 1433 1150 pacn-

84 1152 147 1218 nioo
167 1155 295 1236 paramo
324 1153 453 1220 florenos
483 1156 698 1240 hungarioalee
729 1155 806 1222 dnos
831 1158 862 1220 et
883 1173 1008 1240 porcum
1031 1175 1127 1221 unum
1151 1157 1319 1238 praestant.
1354 1152 1433 1220 Sunt

85 1242 178 1306 etiem
195 1242 255 1307 alii
287 1243 407 1326 aliquot
427 1243 574 1323 libertini,
611 1247 663 1328 qui
687 1245 814 1310 servitia
836 1245 985 1310 duntaxat
1013 1246 1183 1327 praestent.
1228 1244 1373 1312 Decimae
1397 1243 1435 1308 de

58 1329 165 1393 omni
187 1329 352 1410 frumento,
384 1332 454 1397 vino
476 1333 508 1396 ot
526 1331 670 1398 alveariis
689 1332 884 1416 proveniunt,
911 1333 1087 1416 etquidem
1109 1333 1185 1396 dom
1206 1331 1355 1397 fertilitas
1370 1329 1435 1405 vini
1504 1340 1507 1348 “

83 1419 136 1496 est,
160 1420 322 1501 provenire
344 1418 445 1485 solent
467 1425 504 1484 en
526 1421 655 1486 decimis
671 1421 734 1487 vini
756 1420 859 1486 eubuli
881 1419 954 1484 600.
978 1421 1068 1486 Porci
1088 1419 1154 1486 sive
1176 1419 1306 1503 maiales
1328 1419 1435 1502 quovis
1558 1467 1559 1472 η

82 1523 159 1570 anno
185 1508 258 1587 112,
283 1506 337 1588 qui
358 1511 463 1573 autem
493 1525 626 1590 perenm
644 1527 703 1573 non
733 1507 827 1575 habet
849 1525 929 1574 nnnc
956 1507 1016 1574 dor
1039 1509 1133 1591 hung.
1157 1523 1254 1573 unum
1285 1509 1447 1591 praestat.-

85 1593 272 1660 Proveniunt
294 1593 403 1660 deinde
427 1613 556 1680 capones
578 1597 737 1663 annuatim
757 1595 965 1664 circitorooo.
989 1597 1120 1662 Peneios
1143 1596 1289 1680 pecuniae
1312 1589 1436 1678 paudm,

83 1681 200 1764 septam
222 1681 347 1749 circitor
366 1683 471 1749 floreni
502 1700 645 1751 recenses
676 1686 811 1750 veniunt.
857 1683 1002 1750 Amolis
1033 1686 1065 1750 in
1097 1684 1235 1750 tentorio
1257 1683 1435 1767 Bosjalrovi-

80 1770 394 1836 nensi‘exisbeutibns
428 1774 568 1838 annatim
599 1773 686 1838 dacia
718 1775 757 1838 ad
792 1774 921 1856 quatuor
955 1773 1108 1838 dontuxab
1134 1771 1265 1838 florenos
1286 1771 1461 1854 hungari·¹

83 1857 163 1922 cales
184 1863 220 1924 'et
241 1858 354 1924 libram
376 1879 468 1925 unam
481 1859 598 1944 piperis
621 1860 811 1927 aeextendit.
837 1861 971 1938 Avenae,
994 1878 1012 1925 n
1034 1861 1130 1946 sylvis
1145 1859 1284 1944 poliferis
1306 1877 1434 1943 proven·

83 1947 141 2024 tos,
165 1945 328 2012 annuetim
351 1946 427 2013 lacit
446 1951 598 2015 metretas
620 1948 742 2014 circiter
764 1948 816 2014 50.
839 1949 884 2014 Ex
906 1947 1003 2033 sylvis
1026 1966 1081 2032 pro
1094 1948 1265 2014 succisione
1288 1947 1433 2013 arborum

82 2037 248 2115 proventus
272 2035 431 2101 annuatim
447 2037 523 2103 fecit
545 2039 692 2104 metretas
716 2052 828 2103 avenae
850 2037 972 2103 circiter
995 2036 1055 2100 100
1077 2036 1147 2120 plus
1168 2038 1281 2105 minue.
1304 2036 1435 2100 Paratae

80 2121 1344 2296 llusltltrllblffl,llldibellililblltllsslell
1364 2123 1435 2280 lit
1515 2187 1518 2206 ·

82 2315 190 2366 nenses
217 2298 278 2363 100
297 2299 461 2382 aliqnando
484 2319 555 2366 vero
576 2301 669 2367 otiam
691 2301 781 2385 plns;
805 2303 877 2367 sont
899 2304 931 2365 et
952 2299 1006 2364 ulii
1029 2301 1192 2382 prouentus
1215 2300 1342 2364 minoris
1365 2315 1431 2363 mo·

83 2386 190 2464 menti,
207 2385 512 2470 videlicetpnlornm,
526 2389 699 2471 piscium‘et
710 2385 858 2456 similium
872 2391 931 2454 etc.
955 2388 992 2453 In
1006 2389 1112 2454 eodem
1124 2388 1239 2454 castelo
1262 2386 1358 2470 Bosj
1368 2385 1435 2451 alio

82 2472 254 2540 invenimus
273 2475 426 2541 *frumenti
455 2477 540 2541 milii
564 2479 724 2542 matrottas
754 2477 840 2543 illius
863 2476 923 2542 loci
951 2494 1049 2559 vagao
1078 2477 1174 2542 dictas
1204 2475 1327 2541 circitor
1358 2473 1433 2538 200.

85 2560 213 2627 Pannici
235 2562 381 2628 similiter
410 2564 576 2646 metrettas
597 2564 720 2630 circiter
745 2563 796 2630 28.
821 2564 928 2630 Tritici
952 2564 1114 2630 metrettas
1130 2562 1275 2648 ejusdem
1310 2561 1433 2646 generis
1558 2620 1567 2628 .

83 2651 205 2716 circitor
218 2651 269 2714 12.
293 2649 431 2734 Siliginis
455 2654 600 2718 metretas
615 2653 738 2718 circiter
751 2651 803 2718 68.
827 2651 967 2736 Siliginis
990 2668 1134 2717 acervum
1157 2669 1263 2717 unum.
1287 2649 1359 2716 Vini
1381 2667 1436 2714 cu»

84 2736 169 2804 bolos
201 2737 322 2804 circiter
344 2739 374 2803 3.
398 2739 544 2822 Reliquas
573 2741 677 2806 numm
708 2743 864 2806 universus
888 2757 936 2805 res
960 2739 1107 2818 mobiles,
1128 2739 1286 2824 jumenia,
1318 2738 1434 2815 vinum,

79 2825 282 2905 frumentum,
312 2828 475 2910 pecuniam
507 2831 539 2892 ot
555 2828 655 2894 ‘aliem
680 2827 853 2894 nniversam
888 2827 1151 2914 suppellectilem,
1186 2826 1360 2910 suprafatus
1382 2843 1434 2890 co-

85 2912 216 2980 lonellus
238 2915 423 2981 ivanicenois
447 2934 517 2980 oum
534 2918 604 2982 suis
626 2915 800 2982 hominibus
822 2915 978 2982 ubdueiet
1000 2915 1115 2981 auferri
1137 2917 1258 2980 curavit
1280 2913 1359 2980 infru
1372 2910 1433 2999 (nii
1513 2995 1515 3000 Ι

82 3004 288 3082 praemissum
312 3003 372 3088 est)
385 3004 508 3069 uberius
521 3005 748 3086 specificandos.
771 3006 807 3070 ln
831 3004 1018 3087 praescripto
1033 3006 1137 3070 autem
1161 3001 1433 3086 castelloBosjako

76 3089 248 3156 ciliciolum
270 3091 488 3158 constituimus
510 3091 636 3175 egillem
658 3091 825 3158 nomnium
847 3092 979 3158 nonan.

185 3178 333 3262 Sequenti
344 3197 432 3264 porro
448 3179 593 3245 iniediato
616 3181 674 3265 dio,
691 3197 769 3263 qnos
788 3180 855 3246 erdt
875 3179 897 3244 t
920 3199 951 3246 m
963 3199 1010 3245 own
1022 3181 1085 3246 sis
1110 3179 1235 3266 junii
1258 3179 1434 3261 anniprue-

83 3261 168 3330 toriti
197 3267 453 3341 idib-venimus
478 3268 628 3352 nigre
638 3267 660 3332 b
674 3269 775 3346 inm,
807 3268 909 3353 ibique
942 3268 1048 3334 babitu
1082 3285 1152 3333 oum
1178 3267 1432 3335 reverendissimo

82 3352 206 3420 domino
228 3355 373 3439 episcopo
396 3356 585 3440 nagrableusi
608 3357 717 3421 mutua
738 3355 1004 3440 correspondentio
1027 3355 1076 3422 die
1099 3353 1130 3421 6.
1153 3355 1291 3440 eiusdem
1309 3354 1431 3419 mensis

79 3443 293 3521 <praesentibus
316 3443 441 3527 egregio
464 3443 615 3509 bliobaale
638 3439 845 3523 Saokdlovios,
877 3441 1173 3528 judliomelnsdem
1194 3443 1362 3512 comitatus
1383 3460 1436 3506 uu·

81 3531 254 3611 grabiensis
284 3533 416 3618 egregiis
438 3532 515 3598 item
538 3535 570 3598 ot
592 3533 823 3618 circomspectis
846 3531 951 3598 Blasio
974 3531 1154 3614 caeparios,
1187 3531 1307 3598 Mathia
1323 3529 1431 3616 *Febv'y

82 3620 113 3681 et
127 3617 270 3704 decipio
288 3619 411 3696 Milton,
427 3620 542 3704 juratis
566 3619 757 3687 sessionibus
777 3619 919 3704 ejusdem
949 3619 1064 3686 liberae
1086 3619 1189 3704 rogiae
1221 3619 1359 3685 oiviiutis
1383 3638 1433 3684 za·

82 3705 264 3788 grabionsis,
287 3708 387 3792 primo
405 3707 531 3774 domum
555 3711 708 3774 muretum
733 3708 858 3774 comitis
874 3709 994 3774 Petria
1016 3708 1087 3774 Zrin
1111 3709 1194 3774 intra
1208 3708 1336 3774 moenia
1351 3707 1434 3791 ojus·

82 3793 155 3860 dem
185 3791 320 3862 civitatis
349 3796 557 3882 domabisnsis
577 3794 827 3874 confiscavimus,
841 3813 921 3862 vovrro
943 3795 1182 3872 duobusbortis
1204 3801 1290 3862 extra
1313 3795 1434 3861 moenia

81 3882 112 3948 in
133 3883 284 3949 suburbio
301 3883 408 3950 diuino
428 3883 564 3950 civitatis
577 3883 726 3967 'ejusdem
757 3884 889 3960 habitis,
920 3885 1015 3949 nullis
1036 3883 1129 3968 plene
1166 3884 1197 3950 in
1216 3883 1362 3950 cadomo
1384 3903 1433 3948 re·
1456 3933 1459 3942 .

75 3969 139 4037 bus
157 3971 329 4038 mobilibus
351 3972 493 4049 inventis,
517 3987 621 4038 omnes
642 3986 776 4057 nomque
810 3967 1133 4055 perillustrissldnnm
1157 3970 1434 4038 dominumcomi·

82 4059 147 4124 tem
169 4059 332 4126 Nicolaum
356 4060 476 4144 nrdody
499 4060 714 4125 antecedenter
737 4061 859 4126 ablatae
882 4062 963 4138 sunt,
988 4060 1090 4144 pronti
1113 4059 1240 4125 inferius
1262 4058 1434 4124 declarabi-

82 4151 145 4213 tur.
169 4149 383 4231 Piuesorlptus
401 4149 507 4214 dotem
526 4147 631 4213 minor
645 4150 855 4216 ¹unnsbortus
877 4149 1107 4215 encomissiono
1119 4147 1237 4233 inclyti
1258 4145 1433 4214 consistorii

75 4236 330 4319 rusgunmensi
352 4237 476 4320 egregio
497 4233 652 4318 Stdpbano
674 4233 776 4321 Scily,
811 4255 881 4302 cnm
902 4238 936 4301 et
957 4238 1049 4302 antea
1070 4234 1110 4299 ad
1132 4248 1271 4302 soterum
1294 4234 1433 4318 ejusdem

83 4323 274 4406 pertinuisset,
296 4323 336 4390 ad
349 4328 469 4389 imanes
492 4341 563 4389 vero
585 4324 707 4390 comitia
730 4324 816 4390 Petri
847 4323 990 4390 adrioio
1012 4321 1118 4390 taliter
1139 4323 1273 4408 quoliter
1294 4324 1434 4389 devenis-

83 4413 141 4490 set,
164 4412 300 4495 queme't
322 4412 394 4494 ipse,
409 4429 479 4477 cnm
502 4412 690 4478 advertisset
705 4411 784 4478 bono
805 4411 1141 4497 jdrenonvpossedisse,
1167 4411 1265 4478 eidem
1279 4409 1433 4495 Stephano

75 4499 168 4584 *Suily
189 4498 289 4564 medio
313 4501 361 4565 sui
384 4499 525 4566 officialia
548 4499 704 4584 resignare
715 4499 838 4566 omnino
855 4499 1014 4579 voluisset,
1029 4502 1133 4566 dmmo
1152 4503 1188 4566 et
1207 4499 1434 4577 demandasset,

83 4589 164 4672 qood
185 4587 267 4652 idem
294 4587 443 4653 'dominns
466 4586 639 4670 Sidpbouus
652 4585 747 4671 *Scily
778 4587 945 4653 sufficienti
964 4589 1109 4654 bumono
1140 4589 1316 4654 testimonio
1349 4606 1433 4654 com·

75 4676 253 4759 *probmdet
1240 4719 1242 4724 ·

186 4763 301 4830 Eadem
325 4762 374 4829 die
396 4761 446 4830 do.
467 4761 647 4848 joniicnm
679 4765 850 4830 memorato
870 4762 1005 4850 judlinm
1029 4764 1169 4850 ¹ullisque
1184 4763 1345 4833 *nobilibus
1376 4762 1434 4832 ivi·
1547 4746 1549 4754 ’
