3246 5266
238 339 302 406 396

236 521 447 672 &ecquomodo
469 519 560 599 uolet,
585 520 619 584 at
640 538 765 604 possum
790 523 855 587 inre
878 522 988 587 morito
1008 520 1128 588 dicere:
1152 540 1222 586 snm
1249 537 1342 586 causa
1365 519 1576 605 permansionis

266 625 400 673 nanae.
1127 655 1130 668 .

287 627 308 691 g
342 695 419 786 Rem
443 695 537 760 altius
553 698 665 780 repeto.
689 697 893 781 Posteaquam
916 698 1056 763 Veairius
1080 715 1209 780 magnus
1243 697 1321 762 duas
1343 698 1382 762 ob
1410 715 1514 760 causas
1529 713 1580 779 po·

236 783 391 848 tissimum
416 785 455 848 ad
475 786 578 868 partes
609 789 727 851 nostrae
748 787 892 862 venisset,
917 783 1063 852 nimirum
1080 789 1116 851 ut
1138 803 1250 850 novum
1271 784 1461 850 fortalicium
1483 803 1500 848 a
1521 801 1579 848 meo

236 872 363 937 condam
388 873 474 955 patre
497 876 634 939 ereetum
657 875 829 952 demoliret,
853 877 885 938 et
906 877 940 938 ut
965 874 1112 952 Insulam,
1136 873 1269 938 nominis
1292 875 1388 937 nostri
1412 878 1443 938 et
1457 871 1578 936 familiae

236 959 352 1036 nidum,
374 960 512 1025 funditus
535 963 673 1039 emcret;
697 966 729 1027 et
752 961 901 1044 siqnidem
925 964 1113 1046 protectione
1129 980 1283 1027 armorum
1308 963 1426 1026 uestrae
1444 961 1579 1024 Maiesta-

236 1048 277 1113 tis
301 1048 446 1113 ultimum
471 1048 590 1114 edicere
615 1052 763 1134 nequivit,
787 1051 888 1115 nescio
911 1069 971 1132 qua
995 1051 1150 1134 ignoranti
1174 1050 1205 1113 et
1229 1050 1351 1133 stupida
1383 1049 1500 1112 ratione
1521 1067 1580 1130 per·

235 1154 352 1214 suasus,
377 1138 456 1220 qnod
480 1139 511 1201 et
531 1155 610 1202 nnnc
632 1138 750 1202 ancae
772 1139 903 1203 firmiter
925 1139 1064 1216 eredunt,
1089 1157 1139 1202 mc
1161 1156 1339 1220 procurasse
1356 1136 1494 1201 subsidia
1508 1135 1579 1218 prin-

234 1224 335 1308 cipum
361 1225 608 1305 christianorum,
632 1227 702 1292 inde
724 1227 819 1292 uertit
841 1245 873 1290 se
897 1227 935 1290 ad
953 1226 1029 1290 alias
1053 1227 1219 1308 impresas3
1244 1227 1296 1290 sed
1313 1228 1345 1290 et
1359 1225 1402 1290 ibi
1418 1225 1456 1290 ad
1472 1224 1577 1288 Rabanr

235 1311 375 1386 fluvium,
400 1313 456 1378 deo
478 1314 521 1378 ita
545 1314 674 1393 volente,
699 1315 843 1398 auspiciis
867 1315 1038 1380 maiestatis
1063 1318 1182 1379 vestrae
1217 1333 1286 1378 cum
1311 1312 1440 1378 notabili
1464 1331 1515 1377 suo
1534 1313 1578 1374 de-

238 1401 384 1465 trimento
403 1405 434 1464 et
457 1403 570 1484 pudore
594 1405 732 1468 recedere
756 1407 879 1469 coactus
903 1403 972 1467 fnit.
997 1403 1058 1468 Hie
1081 1421 1197 1485 quoque
1230 1401 1326 1486 (absit
1346 1401 1462 1466 invidia
1485 1399 1576 1482 verto)

234 1487 368 1552 multum
404 1506 513 1553 nomen
546 1495 684 1555 nostrum
719 1493 914 1574 cooperatum
950 1491 1027 1566 fuit;
1057 1511 1129 1555 nam
1161 1491 1193 1554 in
1227 1491 1294 1572 ipso
1327 1490 1433 1554 ardore
1468 1487 1576 1564 Martis,

234 1579 356 1641 exortus
378 1577 494 1641 clamor
516 1578 595 1644 inter
620 1579 769 1645 Turcass:
796 1598 884 1660 „ecee
908 1579 1001 1644 Zrinii
1025 1597 1043 1644 a
1063 1581 1152 1662 tergo
1183 1595 1237 1642 nos
1260 1578 1441 1650 invadunt“,
1464 1577 1577 1640 territus
1611 1583 1612 1586 ’

234 1664 291 1729 hoc
314 1684 465 1729 rummorc
490 1665 584 1731 simul
602 1669 635 1731 et
657 1667 802 1732 confusus
826 1667 964 1732 Vesinins
988 1667 1056 1731 suis
1073 1667 1133 1731 iam
1148 1667 1178 1730 in
1190 1666 1294 1748 fugam
1316 1663 1577 1730 vertentibnssub

234 1750 348 1817 sidium
369 1754 492 1818 mittere
516 1756 677 1833 recusavit,
703 1757 734 1820 et
757 1756 804 1820 sio
826 1756 953 1820 consilio
977 1757 1142 1820 destitutus
1176 1755 1299 1819 caedem
1331 1771 1458 1817 snorum
1481 1752 1510 1815 in
1531 1770 1578 1814 an·

233 1840 347 1905 nietate
371 1841 520 1906 attonitus
544 1843 739 1918 intuebatur;
771 1845 846 1908 sorti
881 1847 913 1908 et
940 1843 1079 1908 fortunae
1102 1863 1135 1906 se
1159 1841 1370 1906 submittendo
1397 1839 1577 1916 necessita

234 1947 340 2012 pacem
364 1929 463 1994 lacere
485 1931 673 1996 recoloravit.
698 1931 748 1996 Ab
772 1932 826 1997 illo
849 1936 986 2014 tempore
1015 1950 1135 2014 semper
1158 1932 1213 1995 hoc
1237 1929 1366 1994 dedecus
1398 1930 1527 1993 nominis
1547 1943 1577 1988 ac

233 2016 358 2082 honoris
381 2019 428 2082 sui
451 2017 658 2101 fragmentum
692 2021 834 2084 resarciri
857 2020 976 2084 studuit
1010 2023 1040 2084 et
1072 2020 1235 2084 nitebatur.
1269 2017 1368 2084 Scivit
1401 2017 1503 2100 itaque
1532 2033 1577 2096 per

233 2105 396 2170 relationes
420 2107 551 2172 manime
574 2107 780 2190 Ungarorunr,
805 2127 959 2191 nunquam
995 2127 1044 2172 me
1074 2106 1206 2172 voluisse
1235 2124 1291 2171 noc
1319 2104 1398 2170 uelle
1427 2105 1577 2169 adhaerere

233 2194 350 2271 Tuscis,
367 2195 546 2277 quinimmo
560 2214 681 2277 semper
704 2198 831 2261 conatus
847 2195 969 2261 illorum
987 2195 1150 2272 anteverti,
1169 2193 1282 2276 partim
1297 2193 1455 2258 maiestati
1469 2193 1578 2256 vestrae

234 2280 453 2364 patefaciendo,
478 2284 592 2365 partim
615 2286 787 2349 occasiones
814 2289 919 2350 eontra
940 2286 1054 2349 Turcae
1086 2282 1278 2366 quaerendo;
1310 2281 1410 2346 verbis
1441 2282 1473 2344 et
1497 2279 1577 2342 factis

233 2370 440 2436 demonstrari
464 2391 512 2437 me
534 2389 601 2436 esse
623 2371 746 2452 realem,
768 2373 939 2439 naturalem
963 2374 995 2437 ct
1018 2371 1257 2437 infestissimum
1280 2370 1400 2434 hostem
1431 2369 1464 2432 ot
1484 2365 1578 2430 inimi-

233 2476 302 2522 cum
325 2459 502 2524 ancarum.
1088 2463 1094 2478 '

336 2547 520 2630 Fuissetque
542 2565 707 2632 aggressus
722 2549 855 2614 tirmiter
879 2549 1068 2630 propositum
1089 2565 1189 2622 enum,
1221 2546 1246 2610 si
1270 2564 1326 2629 per
1354 2563 1454 2610 meam
1484 2541 1579 2607 missi·

235 2652 323 2697 onem
353 2653 412 2700 non
435 2635 546 2702 fuisset
568 2638 727 2702 revocatus
757 2657 775 2702 a
807 2637 971 2718 proposito,
1003 2655 1057 2719 per
1087 2635 1272 2699 oblationem
1301 2652 1387 2698 meae
1415 2631 1577 2708 amicitiae;

232 2721 358 2786 demum
382 2724 413 2786 in
436 2724 492 2788 hoc
516 2725 566 2788 vel
589 2725 719 2790 marimo
744 2726 913 2802 desudavit,
936 2729 971 2790 ut
994 2743 1044 2788 me
1061 2743 1079 2788 a
1094 2723 1268 2788 maiestatis
1292 2724 1412 2787 uestrae
1438 2719 1579 2784 fidelitate

231 2809 358 2874 deficere
380 2810 485 2876 faeiat.
510 2813 627 2889 Ungari
650 2814 680 2878 id
706 2815 794 2878 unice
816 2833 834 2878 a
858 2833 906 2877 me
931 2813 1138 2896 postulabant,
1160 2815 1194 2875 ut
1216 2831 1253 2874 ne
1288 2827 1472 2874 summerem
1501 2822 1579 2871 arma

231 2899 337 2962 contra
360 2898 438 2977 illos,
462 2901 581 2966 nullum
606 2919 638 2966 se
669 2902 766 2966 alium
796 2902 904 2965 timere
928 2901 1046 2983 publice
1078 2899 1279 2981 proferebant.
1315 2898 1412 2962 Auxit
1434 2896 1510 2960 hanc
1531 2911 1579 2958 no·

232 2986 323 3050 minis
348 2988 408 3051 mci
429 2988 541 3054 lamam
566 2990 664 3053 virtus
696 2989 831 3054 familiae
864 3009 956 3054 meae.
993 2988 1167 3053 Plurimum
1199 2987 1282 3052 onim
1313 2985 1344 3049 in
1370 2985 1451 3049 bello
1483 2982 1578 3066 potest

231 3073 418 3140 aucthoritas
442 3076 608 3160 sanguinis.

334 3163 429 3229 Plura
452 3166 611 3230 commoda
638 3165 856 3230 crhistianitati
879 3166 950 3230 hinc
967 3167 1100 3241 causata,
1125 3181 1281 3230 recensere
1304 3180 1449 3244 possem;
1472 3159 1522 3224 sed
1541 3158 1579 3222 si·

231 3250 353 3333 quidem
378 3255 450 3316 sunt
472 3271 590 3328 areana,
615 3253 673 3318 soli
696 3256 749 3317 deo
771 3253 905 3332 cognita,
930 3253 1017 3318 nobis
1041 3253 1152 3317 saltem
1189 3271 1244 3335 per
1265 3249 1438 3332 probabiles
1467 3247 1578 3313 coniec-

230 3340 315 3403 turas
339 3345 370 3402 ot
393 3340 628 3406 indivinationes
651 3342 768 3420 relicta,
790 3341 856 3406 ideo
880 3344 916 3406 de
939 3341 988 3406 his
1012 3343 1093 3406 ultro
1116 3339 1249 3404 seribere
1272 3336 1466 3421 supersedeo.

333 3427 378 3491 Er
391 3429 507 3507 multis,
520 3431 594 3494 haec
607 3431 665 3494 dno
686 3430 825 3513 exempla
842 3431 916 3494 mihi
931 3429 1045 3511 profero
1069 3429 1179 3493 liccat:
1208 3431 1234 3492 l.
1247 3427 1306 3491 His
1321 3424 1498 3508 praeteritis
1511 3422 1578 3486 belli

231 3515 430 3598 temporibus,
466 3519 593 3582 durante
624 3519 741 3583 Veneto
771 3518 861 3597 bello,
895 3518 1058 3600 aliquoties
1087 3517 1185 3581 voluit
1216 3533 1340 3598 passum
1366 3532 1420 3595 per
1454 3510 1577 3576 confinia

229 3606 335 3667 nostra
356 3621 513 3687 occupare,
538 3607 569 3669 et
594 3625 714 3689 semper
735 3607 867 3671 nominis
890 3607 984 3670 nostri
1001 3609 1086 3671 metu
1109 3602 1296 3669 sententiam
1320 3605 1444 3666 mutare
1463 3600 1577 3665 coactns

229 3689 298 3756 fuit.
324 3691 354 3754 2.
378 3681 542 3757 Offerebat'
555 3693 696 3758 Vezirius
719 3697 826 3759 contra
850 3697 954 3759 nostra
978 3693 1117 3759 Oroatica
1147 3693 1191 3757 50
1223 3712 1264 3756 m.
1298 3691 1497 3766 armatorum,
1527 3703 1575 3749 nec

228 3778 311 3842 ullus
335 3797 427 3845 ausus
451 3783 499 3846 est
519 3781 550 3844 in
574 3801 605 3846 sc
630 3801 782 3847 summere
806 3783 1040 3866 expeditionem,
1065 3782 1164 3848 solum
1188 3781 1225 3846 ob
1249 3779 1423 3861 respectum
1452 3774 1575 3840 nominis

232 3867 301 3930 mci.
327 3867 372 3932 De
406 3869 526 3934 caetero
547 3871 658 3934 notum
679 3873 728 3935 eat
759 3871 837 3950 orbi,
862 3872 1019 3954 quamsit
1049 3869 1242 3936 formidabile
1271 3883 1381 3932 nomen
1412 3864 1575 3929 Zriniornm

229 3953 464 4021 Tereteaque
487 3961 637 4042 geruntur
657 3958 745 4023 bolla.
787 3971 788 3976 ’

332 4044 440 4127 ltaque
463 4065 498 4110 ex
522 4046 628 4111 innata
651 4045 786 4111 familiae
816 4065 901 4111 meae
926 4047 1087 4112 dovotione
1111 4048 1143 4111 et
1165 4044 1315 4111 fidelitate
1350 4040 1482 4125 patefeci
1502 4037 1575 4103 Mai·

228 4131 321 4196 estuti
344 4132 475 4198 Vestrae
491 4133 734 4211 sollicitationes,
749 4135 908 4217 promissa,
933 4134 1043 4218 quibus
1067 4154 1116 4199 me
1131 4133 1232 4198 Turea
1254 4131 1423 4197 alliciebat.
1446 4127 1574 4193 Videndo

228 4238 284 4303 ego
308 4219 497 4286 voluntatem
531 4222 661 4286 Vestrae
685 4222 870 4302 Maiestatis,
905 4224 1000 4288 immo
1023 4222 1060 4287 ad
1085 4223 1261 4288 ulteriorem
1285 4215 1575 4298 correspondentiam

228 4312 260 4372 et
282 4307 470 4374 oblationem
493 4307 649 4374 amicitiae
683 4310 813 4393 obligari
839 4311 931 4375 fuisse
957 4311 1031 4376 mihi
1056 4311 1246 4375 iniunctum:
1279 4309 1450 4389 eapropter,
1470 4305 1504 4368 ut
1526 4321 1572 4366 er·

228 4396 330 4478 perior
361 4400 499 4463 centrum
524 4399 677 4463 tantarum
702 4399 936 4480 promissionum
960 4401 992 4465 ot
1015 4399 1213 4482 legationum,
1247 4401 1278 4461 et
1300 4391 1569 4479 qualemnamrni·

120 4551 124 4558 ,
227 4503 298 4547 nam
322 4502 358 4548 ac
381 4487 545 4567 perniciem
570 4485 795 4552 christianitati
820 4487 930 4551 inferre
954 4488 1144 4569 portendant,
1170 4485 1250 4563 miei,
1275 4503 1366 4567 quem
1393 4483 1458 4564 ipse
1480 4481 1572 4544 anca

227 4572 411 4654 postulabat,
438 4573 702 4639 Bukorachkium.
728 4573 807 4652 Quid
842 4574 885 4638 ibi
915 4575 1030 4647 fecerit,
1056 4576 1194 4658 quodque
1218 4592 1292 4656 opus
1320 4571 1416 4654 ipsius
1444 4567 1510 4643 fuit,
1544 4565 1571 4628 in

227 4661 376 4742 quantum
414 4663 490 4727 mihi
521 4663 678 4746 cognitum
710 4662 778 4738 fuit,
813 4683 865 4744 per
896 4681 981 4728 meas
1015 4663 1253 4729 instifieaoiones
1285 4661 1354 4745 plus
1384 4675 1475 4740 quarn
1504 4655 1572 4717 nota

227 4748 527 4899 {gfftfflgffffstaffi
550 4750 694 4814 existunt.
718 4749 819 4832 Igitur
841 4751 923 4814 haud
947 4752 994 4815 est
1028 4771 1148 4878 nocens,
1182 4751 1353 4834 quicunque
1383 4765 1444 4810 non
1473 4743 1572 4826 sponte
