3308 5252
1382 405 1426 472 59

710 582 777 664 at.

61 725 160 798 1670,
187 725 230 781 10
251 722 372 796 cabade.
398 703 542 783 darona.
565 724 657 783 Patur
679 723 803 783 Zriusta'
823 724 918 784 amru
940 723 1110 784 Loblcouc‘cu
1129 725 1241 796 testitu,
1264 726 1309 784 tto
1325 743 1359 798 pc
1380 745 1425 800 pr.

59 809 232 885 Auersbery
255 812 404 884 nemeen,
428 812 543 884 wtaauic
557 813 687 886 popioetj
710 811 748 870 od
773 811 912 880 Turuta,
944 813 1015 870 rodi
1045 813 1110 885 uoje
1133 814 1166 886 je
1183 815 1355 887 prtprooun
1376 831 1427 874 aa·

59 899 179 958 mimici
199 900 286 972 auoja
308 899 401 958 dobru
422 899 644 972 medjumuralru
666 901 678 958 i
700 899 844 958 tractatu
866 914 882 958 s
905 899 1034 973 drupimt
1056 899 1223 960 drdounimi
1245 920 1265 960 u
1286 901 1427 976 Austrijt.
1492 935 1496 941 -

172 1015 353 1082 Celsissime
377 1017 528 1100 princeps,
553 1017 676 1083 domine
699 1019 732 1082 et
753 1019 884 1100 patrone
907 1017 1151 1102 gratiosissimel
1183 1021 1374 1104 vigilantiae
1397 1021 1429 1084 et

62 1104 135 1170 fidei
160 1106 283 1169 vestrae
298 1104 489 1170 celsitudinis
510 1106 643 1169 multum
656 1105 748 1170 debet
763 1124 883 1183 caesar,
905 1106 1039 1170 multum
1053 1107 1226 1189 respublica
1248 1107 1427 1186 christiana,

63 1192 237 1274 plurimum
260 1209 328 1272 ego,
346 1195 450 1256 amoto
475 1193 537 1257 iam
562 1195 594 1257 et
614 1211 786 1278 suppresso,
810 1193 924 1257 virtute
947 1194 979 1258 et
1000 1193 1183 1257 dexteritate
1211 1195 1333 1273 vestra,
1356 1197 1428 1259 uoto

63 1279 118 1343 illo
141 1279 284 1343 familiae
307 1297 394 1344 meae
417 1281 450 1344 et
471 1281 617 1347 bonorum
638 1281 775 1344 omnium
791 1279 925 1364 flagello.
949 1280 1015 1344 Hoc
1032 1280 1186 1346 delibatus
1201 1281 1323 1364 gaudio,
1347 1281 1427 1365 qnod

65 1369 205 1431 vestram
229 1366 457 1443 celsitudinem,
481 1385 659 1450 supremum
683 1367 876 1451 negotiorum
902 1367 1040 1433 omnium
1061 1369 1224 1446 arbitrum,
1249 1366 1314 1434 siue
1337 1368 1428 1434 rivali

65 1455 199 1530 videam,
223 1453 414 1536 mnfisusque
437 1454 468 1518 iu
487 1455 676 1537 protectione
700 1457 731 1519 et
752 1455 986 1534 benevolentia,
1021 1474 1114 1538 quam
1145 1456 1296 1522 celsitudo
1326 1458 1429 1522 vestra

63 1561 138 1626 erga
161 1560 223 1619 me,
248 1541 434 1624 domumque
458 1561 560 1606 meam
583 1561 704 1624 semper
727 1543 928 1620 monstravit,
962 1543 1023 1606 iam
1048 1543 1199 1626 respirare
1227 1545 1259 1609 et
1281 1544 1430 1628 quodam·

66 1630 160 1693 modo
180 1629 303 1694 renasci
325 1628 449 1711 incipio.
473 1629 615 1694 Demisse
639 1631 743 1712 itaque
766 1629 943 1694 celsitudini
966 1631 1086 1696 vestrae
1108 1650 1252 1714 propono,
1276 1631 1355 1715 quod
1373 1650 1429 1695 nu·

66 1735 120 1798 per
144 1715 268 1799 Styriae
291 1716 449 1781 ordinibus
468 1717 684 1782 indicaveram.
719 1717 766 1781 De
788 1717 889 1783 lutnrc
923 1716 1005 1781 bello
1036 1721 1067 1781 et
1090 1719 1259 1784 Tuscorum
1283 1719 1428 1796 adventu,

65 1808 100 1868 ut
123 1803 224 1878 video,
249 1803 385 1885 amplius
408 1804 566 1888 ambigere
590 1822 650 1869 non
674 1803 763 1880 licet;
799 1805 920 1869 minam
944 1823 1064 1882 meam,
1100 1806 1269 1888 harumque
1294 1806 1429 1889 partium

66 1891 126 1955 sibi
151 1891 237 1956 cordi
261 1910 338 1970 esse,
363 1891 468 1955 nullus
491 1892 609 1956 dubito.
634 1893 698 1975 ligo
714 1892 797 1957 omni
820 1911 876 1975 ope
892 1892 1051 1956 destititus
1072 1913 1151 1972 sum,
1176 1895 1217 1972 et,
1235 1895 1271 1958 ut
1287 1892 1427 1976 conjicio,

65 1981 149 2043 omni
173 1997 227 2062 spe
250 1997 423 2058 succursus,
446 1979 522 2044 adeo
545 1982 580 2044 ut
600 1978 738 2062 erigendi
761 1998 829 2044 meo
852 1980 973 2062 proprio
997 1998 1066 2045 aera
1087 1999 1179 2045 uuam
1203 1981 1359 2045 cohortem
1382 1980 1428 2044 di·

66 2067 260 2144 machorum,
284 2085 339 2130 seu
363 2065 523 2131 desultorii
547 2066 666 2146 militis,
691 2069 733 2132 sit
754 2067 832 2131 mihi
855 2085 873 2132 a
896 2066 1023 2131 consilio
1052 2068 1162 2132 bellico
1186 2069 1352 2134 Viennensi
1374 2066 1428 2130 de-

65 2157 181 2236 negata
198 2153 341 2231 facultas,
366 2157 398 2217 et
419 2155 529 2218 vicinis
552 2155 694 2219 omnibus
717 2173 750 2217 se
774 2172 809 2218 er
830 2153 935 2218 ordine
967 2154 1102 2219 eiusdem
1139 2155 1259 2220 consilii
1282 2155 1320 2221 ad
1343 2173 1429 2220 arma

67 2241 268 2322 parantibus,
301 2239 422 2305 nullum
452 2241 491 2305 ad
523 2260 572 2306 me
595 2241 770 2318 decretum,
805 2244 840 2306 nt
863 2241 957 2307 moris
988 2243 1055 2306 crat
1084 2244 1241 2322 hactenus,
1265 2243 1428 2307 emanarit.

66 2328 146 2393 Tam
170 2327 290 2411 potenti
312 2329 406 2406 hosti,
430 2329 568 2393 victoriis
590 2328 726 2404 tumide,
759 2329 892 2408 impares
922 2329 995 2392 sunt
1023 2329 1177 2412 principes
1200 2329 1429 2411 potentissimi;

67 2417 169 2480 multo
193 2416 296 2498 magis
319 2433 392 2498 ego,
424 2417 478 2497 qui
508 2435 564 2481 nec
595 2434 649 2498 pro
680 2415 855 2482 domesticis
884 2415 1009 2498 quidem
1040 2417 1275 2482 necessitatibus
1308 2415 1428 2480 affatim

70 2521 176 2568 rerum
201 2502 307 2568 habeo.
333 2501 482 2568 Subire
518 2503 654 2586 iugum
685 2503 909 2580 ancicum,
934 2503 1059 2566 etiam
1095 2503 1290 2568 tributto
1318 2503 1429 2567 miti·

70 2593 224 2674 gatum,
249 2591 431 2655 vitamve
454 2590 566 2674 lytro
589 2591 801 2668 redimere,
826 2591 924 2654 morte
946 2589 1015 2672 ipsa
1037 2590 1114 2654 mihi
1140 2591 1263 2674 gravius
1286 2591 1344 2654 est.
1368 2591 1430 2654 De·

69 2679 152 2742 crevi
176 2695 249 2760 ergo
273 2681 395 2741 mutare
418 2678 516 2757 sedes,
540 2679 572 2743 et
594 2676 654 2742 alio
678 2678 821 2760 migrare,
845 2678 877 2742 et
899 2676 978 2742 hanc
999 2678 1151 2756 insulam,
1175 2677 1313 2761 bonaque
1337 2675 1430 2742 Oroa-

69 2766 133 2830 tica
156 2765 384 2830 mediterranea
406 2766 437 2829 in
461 2783 570 2829 manus
589 2783 662 2830 suae
683 2763 857 2829 maiestatis
880 2782 1039 2829 caesareae
1069 2767 1243 2849 resignare,
1276 2765 1303 2830 si
1326 2763 1431 2847 aequi·

69 2853 207 2918 valentia
230 2853 307 2916 mihi
331 2853 363 2916 in
386 2853 450 2916 suis
469 2853 603 2917 statibus
615 2852 827 2916 haereditariis
840 2851 1006 2916 clementer
1019 2854 1181 2918 concedere
1194 2853 1279 2917 velit.
1304 2852 1431 2916 Praetor

71 2940 228 3022 privatum
251 2957 357 3003 meum
382 2939 493 3004 bonnm
526 2939 689 3021 multiplex
712 2939 782 3003 hinc
814 2939 1009 3003 commodum
1039 2941 1156 3006 caesari
1187 2941 1219 3005 et
1249 2939 1315 3004 orbi
1350 2938 1431 3003 chri-

71 3027 173 3092 stiano
195 3025 338 3092 oriretur.
361 3026 446 3091 Haec
477 3026 594 3092 etenim
617 3025 737 3109 Styriae
768 3029 800 3090 et
819 3024 997 3090 Corinthiae
1028 3027 1124 3092 clavis
1148 3029 1213 3105 est,
1245 3045 1324 3109 quae
1355 3026 1427 3102 iam,

72 3115 191 3178 vallata
214 3113 404 3192 fluminibus,
428 3113 565 3196 potantia
588 3116 621 3178 et
642 3113 785 3196 operibus
811 3113 943 3178 caesaris
967 3115 1058 3179 facile
1080 3113 1261 3179 redderetur
1284 3115 1433 3195 inexpug-

72 3202 203 3278 nabilis,
227 3202 254 3264 si
276 3201 345 3283 quis
367 3200 447 3265 alius
468 3203 500 3266 in
522 3201 646 3284 Europa
668 3201 762 3266 locus.
788 3198 950 3266 Cessarent
972 3205 1091 3267 veteres
1107 3201 1294 3284 suspiciones
1310 3201 1342 3264 et
1358 3220 1430 3282 que·

74 3291 240 3367 rimoniae,
274 3289 434 3354 accederet
462 3287 551 3354 lacile
583 3288 702 3370 reliqua
726 3286 868 3352 Oroatiae
898 3307 987 3371 pars,
1023 3289 1161 3370 nihilque
1192 3287 1324 3369 amplius
1346 3285 1431 3351 bisce

73 3378 207 3442 restaret
230 3375 433 3458 inpartibus,
458 3375 539 3459 quod
564 3394 623 3440 non
646 3377 729 3440 esset
751 3376 900 3457 augustae
923 3375 1034 3440 domus
1057 3375 1288 3458 patrimonium.
1312 3374 1337 3437 Ε
1362 3390 1432 3437 con-

72 3466 129 3542 tra,
152 3465 181 3528 si
202 3466 310 3545 pereat
332 3462 409 3527 haec
439 3463 556 3540 insula,
589 3462 686 3528 maior
717 3481 789 3545 pars
822 3461 943 3546 Styriae
966 3464 998 3526 ct
1021 3461 1197 3528 Carinthiae
1228 3462 1285 3527 sub
1313 3461 1432 3544 iugum,

74 3553 156 3616 certe
181 3551 239 3615 sub
258 3550 425 3628 tributum,
449 3548 509 3614 ibit
516 3571 526 3624 ,·
548 3568 584 3614 ae
599 3553 674 3614 tunc
694 3549 829 3614 sentient
853 3568 924 3614 vero
947 3550 1081 3632 quidem,
1107 3549 1199 3633 longa
1215 3549 1340 3632 gravius
1356 3567 1432 3626 esse,

73 3657 145 3719 prae
168 3637 286 3702 iuribus
309 3638 422 3703 habere
444 3638 565 3702 bostem
589 3655 682 3719 quam
705 3636 737 3701 in
760 3636 870 3700 alienis
892 3636 1015 3701 finibus.
1039 3636 1142 3701 Facile
1164 3637 1225 3701 crit
1244 3655 1316 3701 suae
1338 3636 1434 3700 maie·

75 3727 148 3789 stati
173 3743 335 3790 caesareae
358 3725 494 3788 medinm
514 3725 660 3799 invenire,
689 3742 747 3806 quo
771 3724 848 3788 haec
871 3723 1074 3788 commutatio
1096 3725 1168 3799 fiat,
1192 3741 1249 3807 ego
1272 3722 1330 3788 hoe
1353 3723 1434 3786 inter

75 3812 135 3877 alia
158 3829 302 3895 suggero,
325 3814 361 3875 ut
384 3811 541 3876 Pissinum
566 3814 598 3876 et
620 3810 789 3877 Gottschee
807 3829 825 3874 a
849 3811 1015 3876 comitibus
1031 3812 1067 3876 de
1081 3809 1257 3893 Auersperg
1279 3811 1436 3874 rediman-

74 3903 130 3978 tur,
156 3901 238 3982 quod
261 3900 352 3962 modo
377 3917 435 3963 non
459 3900 519 3964 erit
541 3898 705 3963 admodum
730 3898 864 3962 difficile.
888 3897 1031 3980 Supplicc
1051 3898 1209 3963 humiliter
1233 3899 1351 3962 vestrae
1368 3896 1430 3960 cel·

72 3987 211 4065 situdini,
236 3989 272 4050 ut
294 4005 349 4068 pro
372 3986 479 4051 innata
510 3985 569 4051 sibi
599 3986 737 4052 bonitate
761 3987 922 4069 negotium
945 3986 1002 4050 hoc
1024 3986 1104 4069 apud
1128 4004 1216 4051 snam
1240 3983 1435 4049 maiestatem

76 4092 252 4140 caesaream
275 4091 454 4156 promovere
477 4093 536 4139 non
567 4075 730 4157 gravetur,
763 4073 947 4155 praesertim
977 4091 1048 4138 cum
1076 4073 1162 4139 illius
1191 4071 1306 4156 pluris,
1342 4088 1433 4152 quam

72 4181 139 4228 mea
161 4161 298 4226 intersit
321 4161 388 4245 Ilgo
412 4163 444 4226 et
467 4178 537 4225 mea
559 4160 680 4224 familia
704 4160 816 4243 iugiter
847 4159 978 4244 obligati
1010 4162 1124 4226 erimus
1154 4162 1275 4227 vestrae
1309 4157 1399 4223 celsit
1420 4191 1435 4205 ·

73 4249 146 4329 dini,
175 4251 300 4332 suisque
324 4248 464 4332 posteris,
489 4267 564 4331 quos
584 4250 658 4313 dens
682 4266 849 4330 perennare
872 4248 977 4324 faciat,
1001 4249 1037 4312 ut
1059 4248 1146 4330 optat
1167 4244 1359 4313 celsitudinis
1382 4263 1435 4310 ve·
1466 4301 1468 4304 .

73 4340 154 4403 strae
178 4335 311 4402 servitor
334 4335 564 4400 addictissimus
597 4333 631 4399 0.
653 4335 763 4399 Petrus
785 4354 803 4399 a
827 4335 908 4399 Zrin.
944 4333 1164 4401 Chialrtorniae
1190 4334 1230 4396 10
1252 4332 1312 4398 feb.
1341 4332 1434 4398 1670.

176 4429 302 4488 lavana.
327 4423 415 4488 Petri
438 4441 457 4487 a
478 4421 567 4487 Zrin:
596 4425 622 4486 l.
646 4422 818 4505 gratulatio
840 4421 879 4485 ad
904 4421 1013 4487 ducem
1033 4421 1242 4505 Sagananeem
1271 4422 1309 4485 de
1332 4422 1434 4485 amoto

73 4515 101 4577 et
125 4530 269 4595 supresso
294 4510 430 4594 principe
453 4510 491 4574 ab
515 4509 711 4592 Auersperg;
748 4510 778 4573 2.
804 4507 953 4591 expositio
978 4510 1015 4574 de
1039 4509 1141 4574 futuro
1160 4507 1243 4573 bello
1267 4509 1298 4572 et
1320 4507 1435 4573 'l'urca-

71 4618 139 4664 rum
161 4599 308 4676 adventu,
333 4597 363 4662 3.
386 4598 423 4661 de
447 4615 503 4662 sua
525 4597 694 4661 intentione
719 4595 858 4661 mutandi
882 4595 969 4660 sedes
995 4597 1027 4660 et
1050 4596 1263 4660 commutandi
1286 4613 1341 4660 sua
1356 4595 1435 4660 bona

74 4705 142 4752 cum
160 4687 231 4751 aliis
252 4686 286 4752 in
310 4684 445 4750 statibus
468 4684 610 4750 caesaris.
633 4683 681 4748 Ist
703 4687 768 4748 erst
790 4683 981 4749 Einlrcmben
1004 4683 1063 4748 den
1086 4682 1202 4767 2July
1226 4681 1321 4748 1670.

118 4777 149 4838 U
165 4777 328 4838 (triarnum
351 4775 459 4834 mirica
481 4774 605 4835 aarum.
