3296 5276
186 324 330 413 dae·

186 502 263 570 dum
284 501 307 570 J
317 502 425 576 antra
446 501 639 591 pertigimus.
663 504 738 572 Inde
760 502 900 592 sequenti
921 503 1099 572 immediata
1121 504 1171 570 die
1193 503 1230 570 11
1253 503 1408 576 mensis
1437 500 1546 586 eius-

188 591 275 658 dem
294 591 373 676 junii
397 594 533 658 msumto
555 593 714 660 nobiseum
735 595 859 678 egregio
881 589 1099 676 christophoro
1122 590 1230 672 Zniha,
1254 612 1281 657 r.
1294 591 1431 676 judlium
1450 609 1544 672 saepe

187 677 246 746 fati
268 679 437 746 comitatus
453 681 670 766 nagrabiensis
693 681 888 768 pervenimus
910 682 948 746 ad
969 681 1050 748 bona
1071 683 1161 751 ruba
1184 679 1399 748 Franeisoi
1423 677 1547 758 Bako-

188 767 342 852 vaehky
363 767 508 834 Toron
539 777 723 854 nunenputu,
744 770 867 836 omnino
890 770 923 834 in
942 769 1096 852 praedicto
1119 769 1269 844 eomitatn
1292 767 1468 846 existentia,
1489 765 1547 832 hn-

192 853 270 935 bita,
296 855 470 940 ibidemque
484 858 637 942 praeeenh‘
659 860 828 926 memorato
849 859 913 924 viee
933 857 1067 940 jndlium
1085 876 1121 924 as
1142 857 1213 930 aliis
1236 855 1376 944 pluribus
1398 853 1546 940 gloriosis

190 946 223 1010 et
240 943 396 1020 ¹nobilibus
419 943 493 1014 uiris
515 945 633 1011 ruriam
667 948 699 1012 et
721 945 801 1014 bona
824 947 1003 1029 suprataeta
1024 945 1187 1023 lurae,
1222 964 1293 1016 eum
1315 944 1468 1020 uniuersis
1492 960 1546 1010 eo·

190 1033 320 1098 rundem
341 1032 490 1105 bonorum
513 1033 715 1130 pertinentiis,
739 1034 981 1101 confiscarimns.
1027 1034 1077 1100 Ad
1101 1033 1228 1102 eandem
1251 1032 1368 1107 suriam
1390 1031 1491 1098 uoloni
1511 1031 1546 1096 et
1636 1029 1637 1068 e

189 1119 332 1206 inquilini
354 1121 414 1194 ra·
450 1120 488 1186 de
516 1123 607 1188 rebus
640 1140 711 1193 uero
734 1121 902 1188 mobilibus
924 1123 1046 1206 praeter
1068 1120 1175 1190 sinum
1203 1121 1432 1203 infrascriptum
1461 1117 1544 1184 nihil

189 1210 377 1294 reperimus;
401 1209 504 1276 omnia
527 1228 659 1295 nemque
681 1230 735 1294 per
747 1211 893 1278 officiales
908 1211 939 1276 et
955 1210 1149 1290 sentinarios,
1171 1229 1280 1292 nempe
1302 1209 1462 1296 egregium
1475 1203 1548 1275 Ste-

138 1349 144 1370 ,
190 1296 329 1382 phanum
351 1295 492 1376 Jelladie',
516 1301 588 1366 sunt
611 1302 745 1382 aeaepta,
768 1297 898 1377 diventa,
920 1298 1081 1374 ablataet
1100 1298 1218 1366 abacta
1251 1298 1323 1368 Vini
1345 1313 1416 1364 nero
1439 1295 1473 1374 in
1495 1312 1548 1360 ea·

195 1386 263 1452 dem
283 1383 386 1452 Tmen
409 1385 441 1453 in
463 1385 590 1455 sellario
611 1387 709 1469 primo
734 1406 787 1463 aas
810 1407 903 1456 unum
926 1387 1107 1454 tubulorum
1126 1385 1212 1458 illius
1234 1384 1294 1452 lesi
1311 1384 1358 1450 18.
1382 1383 1478 1462 Aliud
1493 1401 1548 1450 ras

192 1472 320 1540 nnbnlor
343 1473 465 1540 eireiter
487 1473 540 1552 26,
574 1476 720 1558 quartum
744 1494 797 1542 vas
816 1473 998 1544 eubulornm
1021 1475 1080 1556 36,
1116 1475 1259 1558 quintum
1281 1492 1333 1551 aas
1360 1471 1548 1548 bubulorum

192 1561 244 1646 26,
269 1563 388 1628 sertum
411 1580 465 1637 aas
488 1563 669 1631 tubulorum
692 1561 745 1643 36,
768 1563 936 1647 septimum
957 1555 1011 1630 ra's
1035 1562 1216 1628 eubulornm
1241 1561 1291 1638 18.
1314 1561 1460 1636 Proxime
1475 1577 1548 1626 vero
1636 1593 1637 1646 q

192 1648 406 1735 praecedentia
429 1669 482 1744 per
507 1651 611 1718 omnia
633 1652 723 1735 plena
739 1670 799 1718 non
823 1657 905 1732 sunt,
930 1670 1001 1728 nam
1016 1650 1152 1734 onjnsvis
1174 1650 1296 1718 deesset
1316 1649 1381 1714 nini
1404 1647 1549 1732 inquan-

192 1737 283 1804 titate
312 1736 404 1802 unius
426 1739 586 1821 spitnmae.
610 1738 646 1806 In
668 1739 729 1806 alio
748 1758 866 1824 qunque
888 1740 1011 1806 cellario
1034 1739 1551 1822 equieeneontigroexnnursse

192 1825 256 1896 nini
278 1825 369 1913 plena
392 1845 484 1908 parre
507 1826 688 1900 tubulorum
710 1829 833 1895 eireiter
855 1831 974 1912 septem
995 1846 1041 1892 nr.
1070 1825 1119 1892 13.
1143 1823 1292 1892 Offieialis
1314 1823 1550 1912 eomndembo-

192 1933 300 1998 norum
321 1914 510 1982 constitutus
533 1919 565 1981 et
586 1915 746 2000 adjuratus
771 1916 882 1982 nobilis
903 1916 1014 1984 Petrus
1036 1915 1270 1985 Martinhorieh.

298 2000 374 2067 Inde
397 2021 468 2069 vero
492 2004 590 2070 ndhna
613 2003 751 2075 eadem
774 2003 824 2070 die
847 2003 976 2088 preteeti
998 2002 1335 2070 carolostadium
1356 2018 1464 2068 versus
1497 2017 1549 2064 sn·

194 2107 273 2170 mus,
300 2090 442 2166 nolentes
473 2090 587 2176 ibidem
623 2093 815 2178 sequenti
846 2092 1040 2158 imediate
1072 2092 1145 2171 die,
1179 2089 1284 2157 habita
1315 2109 1385 2155 oum
1408 2087 1550 2170 ejusdem
1636 2085 1637 2124 r

192 2172 337 2263 praesidii
352 2177 534 2246 officialibus
558 2175 666 2246 mutua
688 2179 964 2266 eomespondentia,
986 2178 1201 2262 primodomos
1215 2179 1364 2244 comitum
1389 2175 1553 2242 Patria

195 2265 302 2334 Zrin
325 2265 357 2332 et
379 2267 597 2335 Francisei
626 2265 892 2354 Tersauhlry
921 2267 954 2336 in
978 2268 1083 2336 eodem
1114 2266 1266 2352 praesidio
1288 2265 1455 2332 existentes
1476 2281 1545 2330 eon·

194 2355 319 2436 neone,
352 2353 461 2421 deinde
489 2355 595 2422 ordine
619 2357 657 2422 nd
680 2355 740 2424 aliu
770 2357 851 2423 bona
873 2355 1038 2424 eorundem
1066 2356 1216 2422 uomitum
1249 2353 1405 2440 progredi;
1431 2370 1552 2416 rerum

193 2441 266 2528 quin
288 2441 433 2511 officiales
466 2444 603 2528 sJasdem
630 2445 785 2528 praesidii.
809 2443 1070 2530 praescriptarum
1106 2443 1263 2510 domernm
1296 2439 1553 2508 confiscationem

194 2531 359 2598 admittere
381 2531 558 2612 nullatenus
571 2531 748 2611 noluissent,
772 2537 943 2600 asserentes
959 2533 1068 2600 fiscum
1091 2532 1211 2616 regium
1233 2547 1306 2598 suae
1319 2527 1551 2596 sacratissimas

193 2620 366 2695 maiestatis
389 2619 421 2688 iu
444 2621 550 2688 endem
575 2619 726 2703 praesidio
748 2621 827 2688 nihil
848 2619 1057 2706 praetendere,
1081 2620 1180 2689 multe
1203 2620 1305 2685 minus
1320 2619 1433 2684 habere
1446 2633 1549 2698 posse,

194 2725 312 2791 exque
335 2707 414 2774 idem
437 2708 624 2792 praesidium
645 2709 684 2774 ed
708 2728 794 2776 snam
819 2709 1062 2784 sacratissimam
1084 2707 1278 2774 maiestatem
1314 2725 1372 2772 nnn
1395 2707 1548 2787 tanquam

194 2814 298 2881 regem
321 2810 484 2884 regnorum
507 2795 695 2881 Hnugariae,
730 2797 905 2874 Dalmatiae
921 2800 952 2865 et
975 2795 1126 2874 troarne,
1157 2797 1211 2864 sed
1234 2797 1391 2880 tamquam
1410 2794 1552 2876 impera·

77 2923 78 2927 =
195 2888 294 2950 torem
317 2883 349 2948 et
372 2884 565 2952 arehidueem
589 2885 744 2964 Austriae,
766 2887 875 2954 duesm
899 2905 968 2953 vero
991 2883 1103 2950 Stiriae
1126 2886 1289 2970 speotaret,
1313 2884 1366 2954 ubi
1389 2882 1442 2947 diu
1463 2879 1552 2946 mul·

195 2977 322 3075 tumque
352 2969 439 3038 nobis
470 2992 540 3040 eum
563 2971 673 3040 iisdem
695 2973 878 3043 officialibus
901 2993 937 3040 ea
960 2974 997 3040 de
1019 2994 1052 3038 rs
1073 2970 1299 3086 dispptantibns
1323 2971 1444 3046 eihoere
1465 2967 1552 3032 nihil

195 3063 386 3217 potnranupo
407 3149 447 3214 ad
472 3150 585 3216 bona
608 3147 871 3224 oualiensin
893 3150 1097 3233 pervenimus.
1123 3149 1164 3214 hit
1186 3147 1285 3232 primo
1308 3147 1357 3212 die
1386 3145 1422 3209 13
1445 3163 1553 3228 men·

195 3237 255 3304 sis
276 3234 389 3321 junii
411 3229 544 3308 aree'm
574 3239 706 3322 ipsam
739 3233 882 3322 Ozalp,
920 3237 965 3304 uti
987 3241 1081 3322 eaput
1114 3255 1220 3304 eornm
1248 3235 1406 3312 bonorum,
1440 3251 1551 3300 eoram

196 3328 365 3392 memorato
389 3326 453 3392 viee
473 3325 608 3409 jqdlinm
633 3345 703 3395 eum
726 3325 909 3391 comissione
932 3345 1025 3418 snpra
1058 3327 1135 3391 tanti
1156 3326 1219 3390 aine
1244 3324 1366 3390 semitis
1400 3323 1549 3400 ermisso,

195 3433 233 3480 uo
256 3431 358 3492 noram
381 3413 451 3480 aliis
473 3413 613 3499 pluribus
628 3413 782 3486 nobilibus
806 3411 920 3480 ibidem
943 3414 1155 3490 existentibus,
1179 3411 1416 3496 aprehendimus
1430 3415 1552 3475 eteon·

157 3543 163 3556 ·
196 3501 391 3578 bernelmum
413 3501 446 3572 in
468 3520 529 3585 qua
548 3500 783 3586 apprehensione
799 3502 831 3568 et
853 3499 1065 3576 eonhseatione
1081 3501 1310 3572 illustrissimus
1333 3499 1472 3567 dominus
1498 3515 1553 3562 eo-
1636 3507 1637 3578 ζ

196 3608 262 3657 mes
285 3589 399 3656 Joanss
422 3589 570 3656 Ernestus
594 3587 791 3669 Paradeiser,
824 3591 869 3656 uti
893 3607 948 3692 pro
971 3591 1044 3656 tune
1066 3590 1097 3655 in
1119 3589 1271 3674 praesidio
1294 3585 1547 3654 emolostadiensi

125 3748 130 3758 ,
196 3677 379 3750 comendans
402 3679 434 3744 et
457 3679 684 3763 vieeqeneralis,
708 3697 778 3744 oum
801 3679 964 3762 magnrfieo
987 3679 1108 3749 domino
1132 3679 1243 3745 barone
1260 3677 1371 3754 Seuer,
1408 3675 1549 3758 ejusdem

196 3765 341 3853 praesidi
372 3766 560 3848 vexillifero,
593 3785 629 3832 ex
659 3765 847 3839 ordinatione
876 3765 1081 3834 illustrissimi
1104 3765 1220 3832 domiui
1244 3765 1366 3831 eomitis
1389 3762 1547 3848 generalis

198 3853 457 3934 uarlostadiensis,
481 3857 547 3920 tam
577 3854 609 3920 in
632 3853 786 3938 praedicta
807 3873 875 3925 aree
898 3853 1002 3940 Ozalp,
1027 3873 1120 3940 qnam
1143 3871 1213 3920 rero
1235 3852 1308 3920 aliis
1332 3853 1418 3919 benis
1441 3849 1553 3918 soniis·

196 3944 273 4010 eatis
293 3943 404 4027 ubique
428 3942 574 4011 militiam
595 3945 627 4008 et
649 3941 849 4026 stipendarios
870 3941 1037 4008 existentes
1060 3942 1188 4016 edueere
1209 3941 1294 4016 nullo
1319 3940 1408 4006 modo
1432 3941 1548 4007 volnis-
1636 3941 1637 3974 ³

196 4033 261 4109 eet;
297 4049 403 4098 rernm
425 4031 538 4118 ubique
559 4031 593 4096 in
615 4031 754 4118 expensis
785 4030 851 4096 lissi
869 4031 952 4115 regii
974 4030 1158 4114 reliquisset,
1195 4034 1227 4096 et
1245 4029 1389 4115 justitiae
1413 4028 1548 4096 admiui-
1636 4099 1637 4104 ,

146 4163 149 4171 s
196 4119 378 4192 strationem
401 4121 466 4187 tam
496 4120 529 4186 in
551 4117 693 4194 civilibus
716 4137 808 4202 quarn
834 4136 901 4188 sero
926 4117 1111 4204 mihtaribus
1140 4136 1193 4202 pro
1217 4119 1324 4184 eodem
1345 4117 1469 4184 domino
1492 4135 1548 4201 ge·
1636 4117 1637 4200 Ῠ

195 4206 291 4276 nerali
323 4225 360 4274 ae
390 4207 519 4274 onnfinio
552 4211 746 4274 reservasset.
789 4205 825 4272 lu
847 4206 954 4272 eadem
983 4225 1052 4273 aree
1085 4225 1134 4272 res
1162 4207 1292 4272 mobiles
1325 4207 1418 4290 plane
1441 4207 1546 4273 nullm

194 4297 269 4364 sunt
289 4296 430 4364 inventae
452 4295 506 4362 sed
539 4314 644 4361 omnes
668 4315 721 4380 per
743 4293 889 4362 oifioiales
912 4295 986 4360 disti
1008 4294 1169 4378 praesidii,
1204 4295 1405 4380 hominesque
1428 4315 1546 4368 eorum.
1636 4353 1637 4358 ,

196 4383 329 4462 ablutae,
353 4383 518 4451 distraetus
541 4378 827 4462 etubdnetaesnr'rt,
851 4383 946 4460 imme
970 4403 1026 4450 nee
1048 4385 1152 4465 portae
1168 4402 1223 4448 nee
1244 4385 1398 4451 fenestrae
1411 4385 1548 4451 intartae

195 4471 425 4550 remansissent,
449 4491 554 4539 rerum
578 4490 673 4550 serae,
706 4471 882 4556 reliquaque
905 4469 1076 4546 iuramenta
1099 4490 1169 4538 eum
1192 4485 1314 4537 summo
1337 4471 1449 4538 damno
1473 4478 1549 4540 sunt

194 4561 309 4629 ablata.
336 4561 452 4638 Eodem
474 4560 532 4638 die,
557 4559 711 4636 videlieet,
725 4558 774 4625 13.
799 4577 912 4624 menes
932 4559 1022 4642 junii,
1046 4559 1194 4626 allodium
1216 4559 1365 4626 Kereh
1388 4563 1545 4639 rosatum,

195 4649 370 4732 proximum
392 4647 493 4714 dietae
514 4648 592 4714 areis
615 4647 719 4733 Oualy,
743 4649 939 4717 eonfisoatem
962 4650 1027 4726 est,
1059 4650 1090 4714 et
1112 4649 1144 4714 iu
1167 4649 1273 4714 eodem
1295 4648 1409 4714 allodio
1430 4653 1547 4732 reperti

197 4738 271 4810 sunt
290 4735 374 4822 porei
397 4754 440 4800 nr.
468 4735 515 4804 12.
540 4735 612 4808 Alia
632 4755 702 4814 sero
724 4735 872 4811 animalia
894 4754 990 4820 neque
1013 4755 1061 4807 res
1084 4735 1215 4804 mobiles
1238 4733 1323 4814 uliae
1346 4739 1420 4804 suut
1441 4736 1551 4806 insen-
