3246 5266
209 373 273 441 472

207 551 273 618 luto
295 553 481 632 versichert,
511 554 561 619 his
584 551 784 620 formalibus:
823 551 874 620 „Si
898 553 976 618 nihil
998 553 1079 619 aliud
1103 553 1259 633 haberem,
1283 553 1405 619 videtur
1427 551 1565 636 gratiosa

206 641 300 706 litera
324 637 379 729 (N.
404 641 440 706 B.
465 643 546 707 dises
569 642 727 707 schreibsu
758 641 801 707 ist
823 643 977 707 entwoder
1011 642 1060 707 hei
1087 641 1142 706 der
1164 640 1371 708 Commission
1394 660 1431 705 zu
1453 639 1553 705 liuden

208 729 281 794 oder
304 730 352 794 bei
376 729 444 794 dem
459 730 559 794 Herrn
584 729 757 796 Bisohoilen
779 732 858 796 noch
881 730 911 794 in
927 730 1070 796 Handten
1094 729 1269 814 gehlisben)
1293 728 1373 794 Suae
1388 728 1558 794 Maiestatis

209 817 389 892 sulticsro·;
414 817 613 882 nihilominus
635 818 665 882 in
687 818 778 883 litera
800 817 938 883 eiusdem
964 818 997 882 ll.
1014 817 1052 884 ad
1076 838 1125 883 me
1146 817 1219 883 data
1241 821 1274 883 et
1295 815 1371 882 haec
1392 819 1558 900 ponuntur:

211 904 317 971 „Nihil
339 906 535 990 ambigentis,
560 907 675 971 dictum
692 907 835 972 comitem
859 905 1017 972 intellecta
1040 908 1146 971 nostra
1179 907 1210 970 in
1226 924 1297 971 eum
1320 905 1557 973 clementissima

207 993 417 1076 propensione,
451 998 482 1058 et
504 994 705 1059 consideratis
728 995 880 1079 maiorum
906 1013 1031 1060 snorum
1056 993 1206 1078 vestigiis,
1240 995 1339 1059 itase
1362 995 1488 1076 reipsa
1513 1011 1558 1074 pro

207 1081 286 1147 bono
308 1081 461 1148 communi
492 1083 649 1166 religionis
672 1085 704 1148 et
737 1083 855 1164 patriae
879 1083 1104 1162 exhibiturum,
1140 1083 1232 1166 prout
1261 1082 1328 1146 eius
1359 1082 1490 1164 requirit
1512 1079 1557 1144 de·

208 1169 309 1234 bitum
333 1175 364 1234 et
386 1174 489 1234 nostra
513 1169 550 1234 de
573 1189 607 1235 eo
631 1171 799 1253 praesumit
822 1171 1012 1249 confidentia,
1033 1190 1123 1255 quern
1148 1171 1243 1236 etiam
1264 1170 1291 1234 si
1307 1170 1434 1235 monitis
1450 1169 1557 1234 nostris

208 1259 460 1323 obsecundarent
483 1257 577 1340 (NB.)
600 1277 741 1323 securum
766 1259 890 1324 reddere
914 1259 1037 1341 poterit,
1067 1259 1132 1323 Nos
1155 1260 1187 1323 et
1207 1277 1277 1322 eum
1301 1261 1333 1323 et
1355 1277 1462 1324 omues
1493 1275 1558 1322 suos

209 1345 356 1428 singulari
380 1363 520 1411 caesarea
542 1351 574 1410 et
604 1347 689 1430 regie
711 1350 811 1430 gratia
833 1345 1063 1412 commendatos
1085 1348 1254 1426 habituros,
1287 1347 1487 1430 nostramque
1510 1345 1558 1417 be·

209 1433 415 1499 novoleutiam
438 1434 529 1499 factis
552 1435 833 1519 demonstraturos“
857 1439 915 1499 etc.

314 1522 459 1587 Welchos
482 1523 535 1588 lhr
557 1522 771 1588 Hocbvvdrdeu
794 1521 935 1588 Bisohofl
953 1543 989 1588 ru
1008 1523 1160 1607 Zagrabia
1183 1521 1356 1588 miiudtlich
1378 1519 1458 1587 noch
1479 1521 1559 1586 mab·

209 1625 258 1674 rer
282 1612 343 1674 und
367 1609 515 1694 hraftiger
538 1612 619 1676 mihr
640 1629 678 1675 an
702 1611 752 1677 die
774 1612 882 1676 Handt
904 1612 1012 1694 geben,
1036 1611 1107 1676 dass
1130 1612 1203 1676 aber
1226 1611 1370 1695 lhrKay.
1391 1609 1580 1694 Megalia

209 1697 291 1774 dass,
318 1717 395 1764 uass
419 1699 479 1763 mir
500 1717 558 1764 von
582 1700 651 1764 dem
675 1699 815 1764 Bischoil
834 1701 944 1783 gesagt
956 1698 1087 1777 uorden,
1111 1699 1320 1780 augeaehmeu
1341 1699 1448 1764 halten
1466 1697 1557 1774 vollo,

209 1785 299 1850 thuet
323 1786 442 1851 solohes
465 1787 711 1872 obangeuogenes
735 1788 938 1872 Kayserliohe
962 1786 1128 1853 Schreihen
1152 1789 1178 1852 ll
1201 1788 1260 1852 mit
1292 1787 1415 1852 mehrer
1437 1805 1559 1850 ausus:-

208 1891 273 1952 sen,
308 1874 389 1939 disee
411 1875 518 1940 blesen
554 1875 687 1941 inhalts:
725 1875 897 1962 „Redeunti
931 1876 1071 1959 episcopo
1092 1875 1291 1960 Zagrabiensi
1314 1875 1353 1940 ad
1377 1892 1464 1940 suam
1489 1893 1558 1938 ren·

208 1960 344 2026 dentiam
369 1965 427 2028 etc.
450 1963 532 2040 (vide
557 1983 602 2029 ur.
628 1962 714 2048 136).

314 2050 404 2115 Diser
428 2070 487 2115 nnn
511 2053 570 2115 mir
590 2052 720 2136 anlangs
739 2051 962 2136 allsrgnedigst
983 2051 1147 2117 erthailteu
1168 2051 1256 2118 Gnad
1278 2053 1381 2118 haben
1400 2050 1450 2116 die
1472 2049 1557 2115 Rom.

209 2135 288 2220 Kay.
312 2138 374 2202 und
397 2139 525 2223 Kdnigl.
548 2139 632 2224 May.
667 2141 749 2205 mich
780 2141 826 2204 nit
856 2141 952 2205 allelu
988 2140 1084 2205 durch
1114 2139 1358 2224 vvollgcdaohteu
1390 2137 1557 2204 Bischollen

102 2279 104 2284 .
209 2242 268 2290 von
291 2226 442 2310 Zagrabia
465 2229 649 2307 versichert,
685 2227 814 2294 sondern
846 2228 980 2293 disselbe
1011 2229 1088 2295 noch
1118 2228 1218 2293 fernen
1248 2229 1344 2293 durch
1379 2227 1557 2310 magistrum

208 2315 329 2394 patrem
353 2315 475 2380 Forstal
498 2316 690 2400 Angustiner
717 2315 826 2382 ondens
849 2335 886 2380 er
909 2315 1080 2397 postfacto
1105 2318 1216 2382 iterato
1239 2315 1384 2381 conlerirt
1406 2315 1467 2380 und
1489 2313 1557 2378 rati·

209 2401 301 2478 lioirt,
324 2402 357 2484 jn
382 2421 517 2488 sogarer
541 2405 800 2488 superabundanti
820 2403 975 2470 inmitless
991 2405 1172 2470 lhrsursrl.
1196 2403 1557 2488 (luadenHeraogenvou
1616 2475 1617 2478 Ἴ

211 2487 333 2572 Saganu
356 2492 420 2556 alss
444 2493 583 2575 primarii
608 2492 742 2557 ministri
765 2492 952 2558 authoritate
975 2511 1118 2559 caesarea
1140 2493 1236 2557 durch
1249 2492 1459 2558 oltheu'nhrten
1471 2491 1559 2555 Pater
1616 2493 1617 2578 t

210 2577 346 2644 Forstall
369 2579 474 2645 solohe
497 2581 553 2645 suh
576 2579 613 2660 G,
637 2581 744 2646 sovvoll
766 2579 875 2646 schrift
895 2581 942 2646 als
964 2581 1043 2647 auch
1067 2580 1225 2660 mindlich,
1248 2580 1406 2646 dersolbeu
1430 2579 1558 2664 synceri·
1616 2587 1617 2599 ¹

209 2665 338 2732 rotund
361 2667 503 2751 begabet,
527 2669 607 2733 dises
627 2667 874 2735 austrdolrlichsu
895 2669 1033 2734 Inhaltsr
1077 2667 1180 2750 ,Quae
1200 2687 1277 2734 sacr.
1301 2687 1380 2735 caes.
1408 2665 1558 2732 maiestati

210 2753 332 2818 domiuo
355 2758 461 2820 nostro
485 2757 744 2822 clementissimoe
770 2758 827 2822 stc.
854 2752 937 2846 (vids
961 2777 1005 2822 nr.
1030 2757 1118 2840 208).

316 2843 448 2908 Woraui
467 2843 516 2908 ich
543 2843 577 2927 ja
599 2844 778 2910 alsohalden
801 2845 1058 2910 diclhbcruihrten
1081 2847 1174 2910 Pater
1197 2845 1333 2909 Forstall
1354 2845 1415 2909 mit
1435 2843 1487 2908 der
1509 2841 1559 2906 be-

209 2929 338 3014 gehrteu
361 2932 469 2996 charta
504 2933 610 2998 blanca
632 2933 730 2998 nebeu
755 2935 874 3000 maison
899 2932 982 2998 Sobn
1003 2952 1039 2998 au
1062 2935 1131 2998 dem
1156 2931 1237 3018 Kay.
1260 2932 1338 2997 Holf
1356 2929 1556 3008 ubereohiclrt,

209 3018 332 3082 darauff
351 3018 669 3102 dieGnadeuspuncta
692 3021 841 3105 (dictante
854 3025 885 3086 et
907 3021 1173 3104 praeconcipieute
1193 3021 1303 3086 intimo
1320 3020 1442 3086 domiuo
1464 3037 1557 3084 seore-
1615 3085 1616 3090 ,

210 3107 289 3171 taric
313 3105 424 3188 Ahele)
448 3127 490 3185 er,
515 3115 602 3190 pater
625 3109 768 3188 Forstall,
799 3110 856 3175 auf
872 3109 928 3174 das
951 3110 1067 3193 Papier‘
1080 3109 1238 3194 gebracht,
1260 3129 1293 3176 so
1317 3109 1395 3174 uooh
1418 3109 1465 3174 bis
1487 3108 1558 3171 heu·
1615 3109 1616 3114 ’

210 3195 295 3278 tigon
307 3195 387 3278 Tage
403 3194 517 3260 alldort
540 3197 587 3262 ihr
611 3198 785 3263 verhleiben
809 3199 948 3277 nahmen,
974 3197 1056 3262 mich
1079 3197 1178 3263 selbst
1201 3197 1461 3276 aherverlangter
1479 3212 1556 3260 mas·

210 3301 263 3346 sou
286 3283 393 3348 hicher
415 3283 526 3348 nachor
543 3286 653 3351 Wiene
675 3285 816 3370 verldgt,
852 3285 913 3349 und
938 3291 1052 3352 moines
1075 3284 1336 3368 allerguedigsteu
1360 3285 1481 3368 Kayser
1499 3284 1555 3347 und

209 3370 312 3454 Konig
334 3370 468 3437 Finessen
505 3373 735 3458 unterthenigst
758 3373 933 3440 submittirt
955 3373 1016 3438 uod
1040 3372 1254 3439 nutaruorlod.
1300 3373 1481 3438 Dauenhern
1504 3371 1555 3453 hep

209 3457 329 3523 solchor
351 3460 411 3525 mir
433 3461 657 3544 allergnedigst
679 3461 844 3527 erthailteu
864 3460 968 3529 Guadt
991 3460 1040 3528 ich
1063 3462 1162 3537 leben,
1186 3463 1319 3541 sterben,
1343 3463 1426 3527 mein
1449 3462 1554 3526 immu-

209 3547 289 3611 nitet
313 3547 373 3610 und
396 3549 517 3632 asylum
551 3548 602 3615 ain
632 3549 682 3614 thr
703 3550 851 3615 allemahl
882 3549 1053 3634 genohmsn
1076 3549 1175 3614 haban
1199 3549 1275 3614 vvill.
1321 3549 1468 3632 Woniger
1489 3549 1555 3614 aber

209 3633 404 3718 dergleiohen
426 3637 506 3722 Kay.
530 3637 674 3703 Gnadens
697 3633 875 3704 Resolutiou
900 3655 957 3702 von
977 3638 1119 3721 jemandt
1140 3639 1271 3703 anderen
1296 3637 1552 3719 privatmenschen
1614 3681 1615 3724 ᾗ

209 3727 421 3805 umgestosssn
445 3725 564 3790 werden
588 3725 668 3790 han:
710 3725 812 3798 „Nam
836 3727 862 3791 si
884 3726 1024 3809 privatus
1047 3724 1199 3810 quispiam
1223 3726 1341 3791 similes
1364 3724 1481 3810 gratias
1503 3725 1554 3788 im·

208 3811 361 3894 peratoria
383 3813 571 3898 authoritate
596 3813 724 3880 collatas
749 3813 871 3899 publice
892 3813 1010 3879 volvere
1032 3818 1063 3878 st
1086 3815 1241 3881 ruminare
1263 3813 1429 3890 contundit,
1463 3811 1553 3878 eidem

208 3899 374 3965 conferenti
398 3901 540 3966 iniuriam
564 3901 648 3966 facit.
665 3901 756 3966 Ratio
779 3902 880 3976 huius,
905 3901 978 3985 quia
999 3902 1129 3967 verbum
1152 3902 1270 3986 regium
1295 3903 1434 3967 sanctum
1457 3905 1488 3965 ot
1504 3900 1554 3977 iu·;

208 3987 363 4065 violabile,
389 3991 422 4054 et
445 3989 517 4072 quia
540 3990 680 4074 princeps
696 4009 788 4054 uuam
813 3989 952 4073 linguam
970 3993 1009 4055 et
1023 4009 1119 4054 uuum
1141 3991 1296 4056 calamum
1318 3989 1430 4055 hahere
1453 3989 1537 4054 debet

207 4075 277 4140 idco
300 4075 380 4159 quod
404 4077 538 4160 scripsit,
574 4079 726 4160 scriptum
749 4074 800 4156 sit,
835 4082 867 4142 et
889 4081 937 4143 est
959 4080 996 4142 ad
1019 4077 1118 4142 instar
1143 4079 1298 4162 augularis
1322 4078 1493 4161 polarisqus
1513 4077 1552 4140 la·

207 4163 288 4248 pidis
311 4166 343 4230 in
363 4165 468 4230 coellis
491 4166 653 4231 stellatis.“
685 4165 824 4248 (Decios.
848 4166 955 4230 consil.
979 4165 1031 4230 35.
1046 4187 1074 4231 n.
1099 4169 1129 4228 4.
1142 4166 1201 4232 vol.
1215 4167 1244 4231 2.
1269 4170 1301 4232 et
1322 4184 1405 4231 cons.
1433 4165 1472 4229 18
1494 4163 1549 4229 nd
1613 4239 1614 4250 ἵ

206 4253 266 4318 vol.
297 4255 322 4315 l.
345 4252 476 4318 Rulaud.
500 4271 518 4318 a
542 4253 630 4318 Valle
664 4272 747 4319 cons.
776 4253 823 4317 13.
856 4271 884 4316 n.
908 4251 960 4318 57.
987 4254 1045 4319 vol.
1069 4255 1099 4320 3.
1124 4253 1298 4340 Tyraquell.
1322 4254 1360 4319 de
1381 4253 1507 4320 Nobilit
1527 4269 1550 4316 c.
1613 4269 1614 4291 ¹

206 4341 258 4406 20.
283 4360 311 4406 n.
337 4345 389 4404 ⁶24.
414 4339 538 4424 Cephal.
562 4361 645 4406 cous.
667 4341 719 4407 58.
744 4361 773 4406 u.
797 4340 864 4424 88.)

312 4446 401 4512 Habe
426 4447 491 4511 also
515 4446 546 4510 in
567 4446 737 4532 Ansahung
760 4447 813 4512 der
835 4447 895 4511 mir
925 4447 1147 4531 allergnedigst
1164 4445 1335 4532 ¹erthailten
1357 4445 1445 4512 Guad
1476 4443 1548 4511 mich
1610 4403 1613 4408 Ι

204 4533 258 4598 des
282 4534 495 4618 angegebenen
519 4534 714 4601 Advocateus
738 4535 938 4618 entschlagen
962 4535 1087 4608 nollem
1106 4535 1218 4619 J'edoch
1241 4536 1340 4600 damit
1362 4531 1545 4618 gleichvchl,
1612 4589 1613 4622 ,

203 4621 260 4686 wie
290 4623 354 4687 erst
384 4623 555 4706 gemeldet,
587 4641 660 4688 uuss
695 4623 779 4688 bloss
813 4623 921 4706 jodoch
952 4622 1223 4707 nucerianglioheu
1246 4621 1436 4690 Gehorsamb
1466 4623 1545 4686 dorsu
1612 4625 1613 4696 l

202 4709 298 4772 wider
330 4710 411 4774 mich
436 4711 664 4794 eingevveudten
692 4711 977 4793 impugnationibus
1001 4713 1094 4776 etuas
1117 4713 1268 4794 eutgegen
1292 4729 1380 4785 seue,
1412 4711 1487 4775 auch
1509 4707 1549 4772 nit

203 4811 294 4876 sogor
320 4794 388 4878 (wie
411 4795 492 4861 Hera
515 4798 624 4862 Fiscus
646 4799 781 4882 vorgibt)
805 4799 871 4864 sein
894 4799 1006 4882 anhlag
1029 4799 1108 4864 sicco
1132 4797 1206 4883 pede
1229 4798 1455 4864 niberschreite:
1491 4795 1545 4860 alss

204 4879 425 4964 uidorsprecbe
448 4883 549 4965 gleich
571 4884 701 4966 oufangs
724 4885 756 4950 iu
782 4883 886 4952 forma
904 4880 1115 4968 soleuissima,
1148 4887 1219 4953 dass
1245 4886 1295 4952 ich
1317 4885 1415 4953 krafh
1437 4885 1548 4970 aigener
1611 4961 1612 4980 ἶ
