3296 5276
216 357 282 426 sec

851 541 942 625 634.

221 680 363 759 Irojettcj
387 680 482 744 Petra
507 683 708 760 Pradinslropc
729 687 742 744 r'
764 684 879 760 Frunje
910 685 1088 760 Spoliarica
1114 683 1333 758 praenotatae
1356 685 1398 744 lrr.
1413 683 1527 756 demna,
1553 699 1569 742 c

221 774 409 846 honfiatccip'r'
431 769 546 833 debaro
568 776 581 833 i
602 775 711 834 imelda
734 773 824 833 Petra
859 773 1028 849 Zrioslopa
1050 776 1060 832 ἰ
1083 773 1137 833 dr.
1173 773 1386 846 Fbcalcopcnc
1409 771 1571 844 irpibcvr'lr

218 861 369 936 prierato:
403 860 582 936 Sljcpcna
569 882 582 921 r
605 862 719 937 Fraejc
749 863 919 929 Iecnoeida
951 861 1048 922 Petra
1072 860 1209 930 Osvcldc,
1243 860 1388 936 sospena
1419 860 1573 933 Vercbclja,

221 949 319 1098 (ἔφανε.
336 949 498 1020 Malenidc,
521 951 687 1010 Baltasara
710 950 874 1026 Popleditc‚
897 951 1012 1025 Frcnjc
1045 949 1410 1024 accommodaretur
1442 949 1571 1008 Berislu-

218 1039 264 1098 υἱέ
265 1056 285 1097 α
307 1039 319 1097 r'
343 1036 484 1112 Gcs'pcro
519 1022 649 1110 Colnicc,
683 1040 752 1120 teja
779 1041 813 1113 ,ie
847 1039 1042 1112 tonfislrccijc
1073 1039 1213 1098 irocdcac
1236 1038 1273 1098 od
1297 1041 1337 1098 19
1359 1039 1475 1112 aribnjo
1494 1037 1573 1097 do2

712 1127 850 1188 holooorc
875 1130 960 1186 1⁶70
979 1127 1094 1203 podiae

328 1247 451 1312 Relatio
485 1247 712 1314 confiscationis
749 1249 958 1314 universorum
995 1249 1143 1312 bonorum
1177 1247 1323 1313 comitum
1347 1247 1431 1312 Petri
1454 1265 1472 1310 a
1493 1247 1573 1324 Zrin,

225 1341 255 1402 et
277 1335 435 1402 Francisci
458 1335 631 1414 aletreta,
653 1337 930 1421 nonnullorumque
953 1337 1091 1413 eliorum,
1117 1336 1225 1401 iisdem
1250 1336 1416 1401 comitibus
1440 1336 1470 1398 iu
1491 1333 1575 1398 dete-

222 1424 327 1488 stabili
360 1423 526 1490 rebellione
560 1427 667 1489 contra
702 1445 789 1490 suam
826 1427 1067 1490 sacratissimam
1103 1424 1300 1489 Maiestatem
1334 1423 1573 1496 adhaerentium,

223 1532 275 1594 per
299 1531 352 1576 nos
376 1511 504 1576 Petrum
529 1513 764 1598 Prasinzlrpet
732 1513 985 1579 etl'raneiscum
1018 1513 1196 1596 Spoliarich‚
1221 1530 1325 1578 sacrae
1347 1530 1503 1576 caesareae
1526 1529 1572 1573 re-

220 1601 348 1684 giaeque
373 1601 502 1665 maiesta
485 1601 546 1665 atis
577 1603 644 1685 capi
647 1601 719 1666 telis
751 1603 923 1666 tricesimae
954 1601 1165 1666 Nedelioeusis
1198 1603 1371 1665 exactorem
1403 1604 1435 1665 et
1457 1600 1573 1664 coutra-

224 1689 375 1761 scribam
408 1688 492 1753 velut
524 1691 591 1755 fisci
617 1691 694 1770 regii
726 1689 944 1758 mandatorios.
982 1709 1050 1754 cum
1076 1689 1253 1774 patentibus
1288 1689 1325 1753 lit
1312 1689 1400 1753 tteris
1424 1687 1574 1771 praefatas

224 1795 297 1841 suae
321 1777 551 1841 sacratissimae
574 1779 746 1843 maiestatis
778 1797 832 1842 neo
855 1797 914 1842 nou
946 1768 1080 1863 inclytae
1111 1795 1249 1843 camerae
1278 1778 1467 1860 hungaricae
1489 1793 1574 1858 poso-

224 1865 339 1929 niensis
363 1865 578 1931 commissione
603 1885 638 1931 ac
662 1868 794 1931 instruct
795 1868 862 1930 ioue
883 1868 921 1931 ad
944 1867 975 1931 id
999 1867 1174 1949 specialiter
1191 1867 1337 1931 ermissos
1361 1869 1392 1930 et
1413 1865 1572 1946 delegatos,

159 2035 163 2043 ἱ
224 1953 369 2018 modoet
392 1955 494 2018 ordine
517 1954 723 2037 infrascripto,
742 1958 813 2037 part
816 1957 855 2018 im
876 1955 979 2033 simul,
1004 1957 1117 2038 partim
1143 1973 1214 2018 uero
1237 1954 1359 2019 divisim
1384 1956 1532 2035 peractae.

329 2039 412 2120 Quae
436 2041 757 2123 quidemeonfiseatio
779 2045 967 2108 attactorum
992 2044 1139 2108 bonorum
1164 2042 1219 2108 tali
1251 2042 1340 2108 modo
1365 2041 1505 2106 inchoata
1528 2059 1575 2102 er-

223 2129 366 2195 stitisset.

327 2199 367 2282 br
389 2217 488 2299 primo
511 2222 542 2284 in
564 2237 688 2302 regno
723 2217 941 2285 Slavcniae
975 2221 1005 2284 iu
1030 2237 1138 2301 campo
1162 2218 1371 2296 Varasdiensi‚
1395 2219 1480 2282 extra
1500 2217 1575 2280 bona

223 2305 423 2390 pignoratitia
448 2307 648 2391 Stephani
667 2308 909 2384 Ivanorich,
929 2310 1046 2373 curiam
1072 2307 1213 2373 videlicet
1237 2307 1442 2382 nobilitatem,
1465 2305 1576 2369 curiam

224 2393 268 2458 St
255 2393 425 2476 tephaui
458 2393 686 2461 Ivaucricb
721 2415 791 2461 cum
824 2396 937 2461 colonis
972 2396 1146 2478 quindecim
1169 2397 1201 2460 in
1234 2396 1426 2479 possessione
1459 2391 1577 2458 Nede·

222 2481 373 2560 lienes,
397 2483 520 2548 omnino
545 2483 576 2549 in
599 2486 745 2549 comitatu
766 2484 965 2549 Varasdiensi
986 2484 1166 2549 existentem
1190 2487 1222 2548 et
1245 2485 1393 2561 habitam,
1417 2483 1574 2579 praesente

225 2570 349 2654 egregio
373 2569 492 2636 Joanue
514 2573 608 2656 Kysa
642 2573 772 2636 iudlium
803 2572 868 2655 ejus
856 2575 940 2637 dem
971 2573 1099 2638 comitet
1101 2591 1137 2637 us
1167 2571 1381 2640 Varasdiensis
1405 2572 1438 2635 et
1459 2569 1577 2652 egregio

225 2659 379 2723 Ludovico
402 2657 516 2736 srvos,
543 2661 671 2742 aliisque
695 2663 795 2725 ectum
821 2663 853 2725 et
886 2661 1001 2725 ibidem
1035 2661 1238 2725 existentibus
1269 2663 1302 2726 et
1323 2659 1509 2733 constitutis,
1533 2655 1578 2720 die

226 2746 286 2810 19a
309 2747 426 2811 Mensis
449 2748 557 2831 Maij
550 2769 580 2812 m
611 2766 689 2812 anno
723 2750 859 2814 currenti
835 2749 990 2813 tiolo
1015 2749 1251 2831 aprehendimue
1285 2749 1317 2812 et
1303 2746 1577 2812 tconfiscavimus.

224 2834 337 2900 Eadem
362 2835 446 2899 ouria
469 2837 500 2900 et
524 2837 603 2902 bona
634 2839 687 2902 aut
685 2857 704 2901 e
729 2841 864 2901 nostram
898 2838 1146 2902 confiscationem
1170 2856 1224 2919 per
1246 2836 1363 2900 milites
1386 2833 1576 2901 confiuiarios

225 2922 347 2987 confinii
372 2923 560 2989 luaniccnsis
575 2928 647 2990 sunt
668 2925 835 2992 devastata.
859 2925 947 2990 Unde
970 2945 1017 2989 res
1034 2926 1164 2990 mobiles
1179 2925 1298 2989 ibidem
1321 2926 1402 2989 aliae
1425 2941 1485 2988 uon
1507 2922 1576 2986 sunt

225 3012 378 3086 inventae,
406 3015 528 3095 praeter
559 3013 692 3096 quinque
722 3031 845 3078 acervos
880 3014 1023 3097 siliginis,
1054 3013 1201 3078 frumenti
1226 3031 1296 3078 vero
1320 3013 1399 3076 milii
1422 3012 1454 3075 in
1479 3010 1577 3094 grauis

227 3100 406 3165 constitutis
445 3103 610 3167 metrettae
645 3120 709 3166 nro.
737 3102 787 3178 12,
824 3101 899 3166 item
930 3101 1032 3185 panici
1064 3101 1228 3166 metrettae
1259 3119 1323 3166 nro.
1357 3099 1409 3164 ab.
1434 3097 1578 3164 Officielis

228 3191 276 3253 est
299 3187 415 3253 ibidem
439 3191 628 3255 constitutus
645 3191 786 3271 providus
803 3190 939 3255 Mathies
957 3189 1082 3273 Spanca.
1107 3189 1284 3256 Praemisso
1301 3189 1387 3254 curia
1401 3188 1578 3253 Nedeliancz

229 3295 299 3341 cum
323 3276 438 3341 colonis
461 3277 569 3343 decem
596 3279 690 3344 nobili
713 3278 854 3343 dominae
881 3275 990 3342 Annae
1005 3279 1170 3354 Rassauor,
1195 3279 1330 3342 consorti
1345 3276 1495 3359 Stephani
1516 3275 1578 3339 Ire·

105 3411 108 3420 ,
230 3365 349 3439 horich,
373 3365 518 3447 quemad
542 3385 574 3431 se
596 3367 750 3450 pertinere
765 3368 1003 3449 comprobasset,
1025 3385 1062 3430 ex
1085 3365 1265 3432 comissione
1283 3365 1392 3449 inclyti
1412 3360 1580 3429 consistorii

227 3453 276 3516 die
298 3451 360 3517 28a
385 3453 500 3519 mensis
520 3453 600 3520 Julii
631 3455 761 3520 remissa
794 3457 825 3518 et
846 3454 1003 3538 resignata
1034 3457 1091 3520 est.
1108 3453 1139 3539 *)
1163 3454 1279 3520 Eodem
1301 3453 1350 3518 die
1372 3453 1577 3537 praesentibus

227 3541 337 3606 iisdem
367 3542 497 3607 iudlium
532 3544 565 3607 et
598 3541 752 3608 nobilibus
785 3546 902 3608 certam
936 3543 1031 3608 aliam
1062 3544 1179 3608 curiam
1213 3545 1245 3608 et
1275 3543 1354 3606 bona
1386 3539 1577 3624 pignoratitia

227 3629 447 3694 Francisci
471 3630 697 3696 lvanovich
720 3631 953 3712 inpossossione
973 3631 995 3698 J
1005 3633 1194 3706 alkoucz,
1215 3630 1332 3695 curiam
1345 3629 1505 3694 Francisci
1517 3629 1578 3692 lra-

229 3717 349 3794 nodab,
373 3736 442 3782 cum
456 3719 570 3783 colonis
583 3719 708 3793 ibidem,
731 3719 854 3784 omnino
867 3719 897 3784 in
921 3719 1002 3784 dicto
1018 3720 1169 3785 comitatu
1181 3717 1380 3784 Varasdiensi
1401 3717 1577 3783 existentem

229 3810 261 3868 et
272 3805 411 3870 habitam
429 3808 670 3872 confiscavimus.
694 3807 779 3873 Haec
792 3827 909 3891 quoque
922 3809 1006 3873 ouria
1018 3827 1071 3890 per
1087 3807 1203 3872 milites
1215 3806 1337 3872 confinii
1350 3803 1515 3871 Crisieusis
1536 3822 1579 3867 ra·

228 3895 312 3958 stata
335 3895 367 3958 et
388 3896 454 3958 tota
475 3895 613 3960 desolata
636 3902 693 3960 est.
718 3897 780 3961 Res
804 3897 933 3961 mobiles
955 3916 991 3961 ex
1011 3895 1118 3961 eadem
1141 3895 1268 3972 curiam,
1303 3895 1352 3959 uti
1384 3895 1503 3972 vinum,
1525 3893 1579 3958 lm-

231 3983 378 4058 mentum‚
414 4001 548 4061 mensae,
586 3983 691 4060 sellae,
726 3985 878 4066 imagines
902 3986 932 4049 et
963 3984 1079 4068 reliqua
1103 3985 1247 4050 universa
1269 3981 1438 4066 suppellex,
1469 3983 1579 4066 praeter

231 4089 276 4144 ea,
300 4088 377 4152 quae
400 4071 493 4153 paulo
516 4075 586 4154 post
609 4071 874 4154 specificabuntur‚
909 4091 963 4154 per
993 4074 1114 4137 eosdem
1149 4071 1343 4138 confiniarios
1378 4076 1452 4136 sunt
1472 4071 1577 4136 ablata.

232 4157 382 4224 Officialis
406 4159 436 4224 iu
461 4159 569 4225 iisdem
603 4161 689 4226 bonis
721 4162 907 4226 constitutus
942 4159 1099 4243 providus.
1123 4211 1131 4226 .
1156 4213 1163 4226 .
1187 4161 1314 4243 Reperti
1350 4161 1455 4224 autem
1476 4158 1578 4224 ibidem

230 4247 303 4311 sunt
338 4245 451 4312 bonib
486 4247 588 4328 hoves,
624 4267 685 4313 una
716 4248 836 4314 caballe
871 4267 940 4313 eum
974 4248 1081 4314 hinulo
1115 4250 1146 4314 et
1182 4249 1306 4332 pannici
1338 4249 1503 4314 metrettae
1535 4243 1577 4310 28.

268 4423 300 4508 *)
324 4422 420 4508 Ovdje
445 4423 630 4509 priobc‘ujem
653 4424 752 4506 piamo
775 4422 921 4509 Stiepana
943 4423 1107 4492 Iranorida
1129 4425 1166 4490 iz
1189 4425 1398 4492 Lesbovca
1421 4423 1464 4489 od
1488 4421 1577 4486 blo

316 4512 458 4578 lovoza
488 4511 579 4591 1672,
603 4511 750 4578 odnosete
734 4531 805 4578 ese
826 4531 867 4578 na
894 4513 1094 4598 konbslracijn
1114 4514 1242 4599 njegcra
1265 4511 1382 4578 imetba
1404 4511 1415 4576 i
1438 4529 1478 4582 na
1501 4510 1577 4575 nrotu

318 4599 464 4666 Zrinslro·
448 4601 724 4702 -Frenlopanshur

362 4686 548 4753 Humillime
571 4688 800 4754 illustrissimae
815 4690 1018 4756 dominationi
1043 4692 1111 4754 vest
1113 4708 1163 4755 rae
1186 4708 1239 4772 per
1262 4689 1420 4772 presentes
1443 4663 1577 4753 informe·

318 4775 433 4839 tionem
457 4776 609 4859 quandam
626 4778 828 4844 etserritium
846 4797 921 4846 suae
937 4797 1015 4845 sacr
1033 4779 1165 4844 maiesta
1146 4777 1207 4844 atis
1223 4795 1316 4861 quam
1337 4775 1473 4843 fideliter
1496 4775 1577 4842 fuisse
