3286 5260
1340 357 1404 424 337

132 525 257 606 Quibus
269 528 414 594 omnibus
424 529 581 612 perpensis
591 529 915 612 humillimesupplica
924 530 1082 596 Maiestati
1091 530 1220 597 Vestrae
1229 529 1405 612 Caesareae,

39 617 69 677 ut
89 619 152 678 tam
177 617 358 681 nostrarum
381 617 591 696 servitiorum,
616 637 707 700 quam
744 635 869 682 suarum
902 618 1121 700 promissarum
1144 621 1176 684 et
1206 620 1286 684 sacri
1318 620 1404 686 verbi

39 719 150 765 mernor
170 702 333 785 justitiam
358 706 389 769 et
423 705 625 770 clementiam
657 705 717 770 sibi
758 705 897 770 innatam
933 725 1007 789 erga
1039 724 1089 770 me
1124 711 1270 786 exerceat,
1294 709 1326 772 et
1347 727 1407 773 non

37 791 132 854 inurat
156 791 224 855 sine
249 791 338 874 gravi
360 811 453 857 eausa
487 794 610 876 nigram
649 793 755 856 natam
778 792 915 859 familiae
945 795 1006 857 sibi
1043 812 1164 876 semper
1197 793 1404 874 fidelissimae,

38 895 109 958 qaae
132 877 258 942 nullum
281 898 418 962 unquam
439 899 570 945 naevum
604 880 769 946 admittere
803 881 904 946 scivit.
940 881 1090 946 Effiictim
1123 883 1228 946 autem
1262 900 1346 965 roga,
1369 884 1407 948 ut

37 965 107 1028 mihi
132 965 317 1032 libertatem
341 967 459 1032 interea
483 968 639 1044 concedat,
664 987 724 1050 qua
747 987 873 1033 causam
899 988 1000 1034 meam
1023 967 1227 1044 defenderem,
1254 971 1405 1035 rationes·

38 1071 89 1132 que
113 1071 202 1117 meas
226 1072 393 1136 proponere
417 1056 548 1132 valeam,
562 1055 670 1120 etfilia
692 1075 761 1120 meo
784 1057 960 1122 libertatem
984 1058 1021 1122 ad
1040 1057 1170 1122 virtutes
1191 1057 1404 1124 addiscendas.

38 1137 237 1224 canasque
259 1143 377 1225 gratias
401 1143 526 1226 elargiri
550 1162 610 1208 non
634 1147 781 1227 gravetur
813 1144 922 1210 Vestra
950 1143 1101 1211 Caesarea
1135 1145 1293 1223 Maiestas,
1328 1164 1405 1228 qaas

38 1245 84 1308 pra
107 1229 169 1294 hoc
192 1231 277 1294 stata
300 1249 403 1295 rerum
427 1232 484 1296 scir
507 1233 596 1296 nabis
619 1251 686 1296 esse
709 1233 849 1315 apprime
872 1233 1070 1297 necessarias.
1102 1231 1202 1312 Quam
1232 1232 1315 1297 Dens
1351 1233 1405 1298 din

37 1315 227 1399 multamque
252 1320 421 1396 conservet,
446 1321 481 1384 ut
504 1321 592 1403 aptat
615 1319 788 1385 Maiestatis
812 1320 942 1385 Vestrae
958 1318 1125 1385 Caesareae
1152 1319 1349 1404 pauperimus
1373 1323 1405 1386 et

37 1403 233 1469 humillimus
256 1408 360 1470 arator
383 1407 495 1471 Petrus
519 1407 537 1471 a
561 1406 667 1471 Zrinii.
1483 1462 1485 1466 a

134 1492 182 1555 Er
207 1495 310 1558 aresta
334 1493 354 1558 5
378 1494 463 1559 ibris
490 1495 583 1560 1670.
609 1494 775 1577 Nadpis:
802 1494 1037 1560 sacratissimae
1069 1496 1277 1560 Romanorum
1307 1495 1406 1579 impe·

39 1579 170 1644 ratariae
195 1582 227 1643 et
250 1581 354 1664 regiae
379 1583 537 1647 maiestati
558 1581 682 1648 damino
706 1583 831 1648 domina
855 1601 924 1647 meo
943 1583 1196 1648 clementissima.

136 1670 191 1730 Na
211 1672 316 1730 areta:
353 1668 683 1735 Aussfvihrliche
709 1672 936 1736 deduction
967 1672 1059 1736 Peter
1082 1669 1207 1737 Graffen
1231 1690 1289 1736 von
1307 1671 1402 1756 Zuinij

38 1771 72 1818 an
94 1754 168 1819 lhre
192 1755 312 1840 Khays.
337 1755 420 1840 May.
446 1759 505 1823 mit
527 1757 589 1826 dar.
606 1759 789 1842 perbittung
812 1759 843 1824 5.
870 1759 953 1824 ibris
973 1758 1067 1822 1670.

700 1898 742 1963 II.

140 2019 378 2103 Angustissime
398 2023 431 2086 et
453 2022 658 2087 invictissime
681 2021 804 2100 Caesar,
842 2022 965 2087 domine
1000 2022 1123 2086 domine
1145 2023 1405 2090 clementissime!

137 2106 268 2186 Quando
291 2107 416 2191 quidem
439 2112 562 2192 praeter
586 2129 673 2193 spem
697 2128 798 2174 meam
822 2111 863 2190 et,
885 2111 921 2174 at
952 2111 1109 2193 protendo,
1134 2113 1241 2176 contra
1270 2112 1408 2176 clemen-

38 2195 110 2259 tiam
133 2196 268 2261 heroicis
303 2197 447 2261 omnibus
478 2199 591 2263 animis
626 2196 785 2276 usitatam,
821 2196 997 2262 Austriaais
1021 2215 1091 2263 vero
1127 2199 1171 2263 ita
1193 2199 1342 2276 innatam,
1371 2200 1406 2264 ut

36 2283 97 2365 jam
121 2283 154 2346 in
196 2286 341 2348 naturam
365 2286 398 2348 et
431 2285 570 2350 debiturn
607 2285 778 2364 transierit,
805 2287 836 2349 in
870 2286 928 2350 hac
962 2285 1148 2368 captivitate
1180 2287 1211 2350 et
1245 2285 1407 2351 calamita·

38 2373 102 2434 tam
126 2371 247 2436 omnim
279 2371 386 2436 illiade
421 2373 560 2438 detinear
593 2392 654 2438 una
688 2392 758 2437 cum
797 2372 1058 2437 innocentissimis
1092 2373 1247 2455 prolibus:
1272 2393 1406 2458 propono

39 2457 196 2524 Maiestati
211 2459 344 2524 Vestrae
367 2477 526 2526 caesareae
541 2459 772 2542 justificationis
788 2479 874 2525 meae
890 2463 1083 2543 argumenta,
1098 2460 1272 2525 humiliime
1290 2461 1407 2544 suppli-

40 2548 140 2624 cando,
158 2549 308 2630 utaequa
328 2565 363 2612 aa
387 2547 520 2632 benigna
536 2566 609 2614 aure
626 2569 662 2614 aa
677 2548 860 2627 consultare,
876 2549 1029 2631 finemque
1052 2548 1175 2612 tandem
1199 2548 1248 2612 his
1272 2547 1407 2613 miseriis

40 2633 192 2716 imponere
215 2653 276 2699 non
300 2636 457 2718 gravetur.

135 2725 173 2787 In
200 2721 310 2804 primis
334 2722 414 2804 quod
436 2723 475 2788 ad
491 2722 610 2787 facturn
628 2723 732 2807 ipsum
751 2725 873 2804 attinet,
888 2725 955 2808 jam
972 2723 1130 2788 Maiestati
1148 2723 1277 2787 Vestrae
1294 2721 1408 2788 Gaesa-

40 2828 102 2874 reae
125 2813 158 2875 et
181 2812 250 2875 tota
272 2810 341 2874 orbi
363 2812 471 2876 natum
495 2813 552 2888 est,
585 2829 634 2875 me
665 2814 786 2878 nullum
809 2812 917 2878 foedus
940 2829 1009 2875 aum
1041 2810 1150 2876 Turcis
1172 2809 1276 2888 inisse,
1312 2810 1407 2876 nullis

39 2899 133 2978 pactis
157 2898 393 2980 subscripsisse,
417 2899 536 2963 nullam
561 2900 683 2979 penitus
701 2901 906 2966 hostilitatem
929 2902 1035 2963 cantra
1060 2897 1257 2962 Maiestatem
1272 2900 1409 2964 vestram

40 3003 124 3064 opere
148 2992 333 3066 exercuisse,
359 2987 479 3051 nullum
503 3005 640 3050 meorum
667 2989 802 3053 militurn
827 2990 880 3052 ant
903 2987 1089 3052 servitorum
1112 3004 1198 3051 arma
1216 2987 1405 3068 sumpsisse;

41 3075 125 3139 sede
148 3077 259 3138 contra
283 3093 332 3138 une
355 3075 386 3139 in
410 3074 553 3138 amnibus
577 3077 610 3138 et
633 3096 686 3158 per
709 3077 811 3140 omnia
829 3077 892 3140 suis
909 3074 1023 3138 litteris
1037 3076 1068 3138 et
1083 3073 1209 3138 nutibus
1226 3073 1408 3154 obedivisse,

43 3181 142 3226 meum
158 3162 260 3227 filium
275 3163 336 3227 huc
359 3162 583 3244 praemississe,
608 3183 656 3228 me
681 3165 783 3246 ipsum
808 3165 916 3244 sponte
940 3161 1077 3235 venisse3
1098 3162 1160 3225 ima
1183 3165 1216 3225 et
1237 3163 1314 3226 mels
1337 3160 1409 3227 lite·

41 3250 79 3313 ris
101 3251 141 3314 ad
165 3250 351 3332 prinicipem
376 3250 558 3329 Rakooium,
585 3269 689 3315 meam
714 3270 872 3334 generum,
898 3250 979 3314 datis
1003 3250 1259 3332 compositionem
1291 3249 1410 3314 tumul·

41 3339 126 3402 hum
149 3337 308 3421 Ungariae
332 3338 500 3420 superioris
523 3357 581 3402 non
607 3339 685 3402 nihil
709 3340 907 3420 cooperatum
930 3337 1036 3413 fuisse,
1054 3338 1095 3400 ita
1120 3341 1155 3400 ut
1178 3354 1282 3402 meum
1302 3355 1410 3418 pecca·

41 3425 101 3489 tum
128 3424 169 3510 (si
193 3425 238 3490 ita
261 3425 397 3506 apellare
422 3426 537 3508 placet)
569 3430 709 3491 sanctum
746 3444 865 3508 quoque
900 3426 1087 3506 beatumque
1128 3424 1257 3505 apellari
1288 3423 1407 3504 debeat,

41 3515 115 3595 quad
140 3513 301 3578 Maiestati
333 3514 461 3578 Vestrae
493 3514 613 3578 tantam
644 3513 829 3578 felicitatem
852 3513 1052 3577 cessaverim.
1076 3512 1116 3574 Et
1138 3510 1213 3574 licet
1235 3510 1311 3576 haec
1333 3531 1409 3595 opus

41 3603 199 3665 arternum
222 3604 418 3682 concernent,
444 3600 613 3682 plurimum
638 3605 745 3666 tamen
768 3601 917 3665 momenti
941 3600 973 3664 et
997 3597 1138 3679 ponderis
1173 3598 1297 3678 habeat,
1337 3617 1409 3664 cum

43 3687 194 3753 humanae
216 3689 303 3772 leges
325 3706 385 3753 non
407 3688 471 3752 nisi
493 3687 530 3751 de
553 3689 688 3752 externis
712 3687 862 3771 judicent,
887 3705 943 3751 nec
966 3687 1086 3750 soleant
1124 3685 1277 3769 principes
1312 3688 1409 3753 subli-

43 3795 106 3840 mes
132 3779 165 3840 et
198 3775 340 3840 heroicae
362 3777 483 3840 mentes
506 3776 593 3840 anxia
627 3779 786 3841 attendere
810 3775 849 3838 ad
884 3774 1045 3839 molimina
1078 3773 1209 3852 iuterna,
1234 3774 1261 3837 si
1284 3777 1411 3842 externa

41 3865 84 3928 vel
110 3865 203 3928 naria
229 3866 386 3944 nonsnnt,
410 3863 460 3928 vel
484 3863 617 3927 feliciter
640 3863 817 3928 succedunt.
842 3861 1032 3944 Quapropter
1056 3878 1127 3926 cum
1151 3859 1263 3925 Caesar
1296 3865 1411 3929 scrinia

42 3951 182 4034 Pompeji
206 3953 239 4017 et
262 3953 370 4034 postea
405 3949 568 4033 Scipionis,
604 3951 781 4016 offendisset
816 3950 948 4026 litteras,
982 3948 1094 4031 quibus
1129 3947 1260 4012 dabatur
1301 3951 1411 4016 notitia

40 4040 284 4122 conspiratorum
308 4039 424 4104 civium
448 4041 479 4102 et
503 4041 692 4104 secretarum
713 4038 987 4112 machinationum,
1023 4055 1083 4100 nan
1108 4036 1209 4100 solum
1234 4055 1293 4100 nan
1317 4037 1406 4121 legit,

41 4131 88 4192 sed
113 4146 171 4192 nea
196 4129 336 4209 aspectas
359 4126 485 4210 quidem
520 4125 659 4190 Vulcano
682 4126 822 4204 tradidit,
846 4127 932 4189 ratus
953 4142 1010 4188 non
1028 4123 1139 4189 debere
1169 4142 1324 4189 caesarem
1347 4127 1411 4192 ira·

41 4235 104 4280 nrm
129 4233 239 4280 causas
262 4231 408 4296 quaerere
432 4212 492 4277 nisi
515 4213 547 4276 in
570 4213 618 4291 iis,
644 4213 696 4295 qui
719 4216 825 4295 aperta
851 4213 950 4276 marte
973 4231 1040 4276 sese
1064 4215 1233 4294 opponunt.

142 4301 302 4382 Quantam
325 4319 396 4368 vero
418 4300 456 4365 ad
479 4301 664 4366 intentiones
687 4319 773 4365 meas
806 4303 839 4364 et
861 4301 980 4364 secreta
1004 4299 1103 4365 cordis
1126 4301 1248 4376 attinet,
1271 4301 1405 4382 quanda-

42 4390 162 4473 quidem
188 4391 250 4454 huc
273 4393 340 4454 tata
374 4405 468 4452 causa
501 4388 681 4453 devolvatur
715 4393 747 4452 et
770 4405 859 4453 nemo
895 4388 974 4451 sciat
997 4405 1033 4453 aa
1067 4387 1188 4465 melius,
1223 4406 1315 4469 quam
1339 4405 1407 4468 ego,

41 4477 101 4558 iure
122 4477 258 4560 juranda
281 4476 402 4540 affirma
427 4475 567 4559 (paratus
591 4477 792 4558 quodcunque
815 4474 951 4540 solemne
972 4475 1182 4556 juramentum
1222 4493 1316 4556 supra
1350 4476 1408 4540 hac

41 4567 210 4650 deponere),
237 4583 287 4628 me
313 4582 469 4646 nunquam
492 4563 637 4628 habuisse
668 4565 869 4628 intentionem
905 4561 1072 4629 rebellandi
1117 4563 1225 4626 contra
1255 4562 1401 4628 Vestram

43 4653 236 4720 Maiestatem
251 4649 444 4726 Caesaream,
467 4653 521 4716 aut
540 4650 641 4717 eidem
664 4647 800 4728 nocendi,
823 4652 877 4715 aut
899 4667 969 4713 suos
992 4651 1093 4716 status
1108 4648 1282 4728 invadendi,
1307 4652 1406 4717 multo

42 4743 136 4807 minus
160 4760 211 4806 ma
248 4739 455 4804 submittendi
489 4738 606 4819 furcis,
630 4739 685 4804 aut
707 4738 818 4803 iisdem
850 4736 1045 4817 adhaerendi,
1069 4735 1123 4802 sed
1144 4739 1247 4820 potins
1270 4757 1322 4805 eos
1341 4739 1407 4804 rui·

1159 4841 1202 4908 22
