3286 5260
208 548 316 596 vocem
338 529 521 612 peccaverit,
546 530 578 593 et
600 527 682 593 facte
705 528 896 610 poenitentia
927 527 1007 593 nibil
1030 527 1058 592 ei
1081 526 1262 610 ademptum
1295 529 1354 607 est,
1392 530 1447 595 sed
1480 527 1582 596 fuerat

206 617 308 684 factus
332 617 473 701 princeps
496 616 714 700 apestolorum,
738 618 784 682 ita
807 619 840 682 et
863 617 939 681 mihi
962 617 1051 681 fieret
1074 616 1100 680 si
1136 617 1360 700 resipiscerem,
1399 618 1578 700 addiditque

207 707 349 789 princeps
383 703 504 769 iteratis
537 705 664 782 vicibus,
689 723 721 768 se
745 705 898 769 neminem
934 722 1069 786 unquam
1103 704 1258 786 decepisse
1293 723 1476 790 semperque
1510 707 1576 771 seis

207 796 309 860 verbis
333 793 468 871 stetisse,
493 792 690 857 clementiam
706 790 984 858 Austriaeamesse
1008 791 1172 857 infinitam.
1197 792 1282 857 Haec
1305 791 1368 856 iere
1384 795 1486 858 omnia
1506 811 1579 858 con·

208 881 346 947 firmavit
367 899 505 945 erasmus
529 880 610 946 Baro
630 879 762 956 Becher,
787 899 949 963 supremus
972 879 1060 962 aulae
1083 884 1204 945 vestrae
1224 879 1438 959 cancellarius,
1462 899 1580 945 sermo·

208 989 280 1035 nem
301 970 334 1034 iu
357 967 550 1032 Conferentia
585 986 707 1032 exorsus
730 968 768 1032 de
791 961 1007 1034 reviviscentis
1030 969 1222 1046 meritorum,
1247 967 1296 1032 vel
1319 967 1437 1050 aliquid
1470 968 1576 1032 simile

208 1076 245 1122 ex
266 1057 483 1138 Philosophia;
507 1054 619 1120 saltem
643 1055 700 1120 hec
722 1055 811 1135 dixit,
846 1074 951 1120 meum
986 1055 1111 1137 lapsum
1150 1073 1210 1119 nen
1244 1055 1322 1120 mibi
1346 1055 1522 1120 nociturum
1546 1059 1577 1122 et

208 1161 268 1209 nen
284 1147 385 1210 selum
398 1144 532 1208 dandum
549 1162 614 1208 esse
627 1144 800 1227 praemium
813 1162 899 1208 meae
913 1143 1142 1226 resipiscentiae
1155 1146 1186 1209 et
1199 1143 1389 1208 obedientiae
1402 1144 1575 1224 modernae,

209 1232 264 1298 sed
299 1234 394 1298 etiam
415 1231 499 1310 iore,
524 1233 560 1295 ut
583 1235 652 1313 post
675 1231 921 1315 resipiscentiam
950 1231 1088 1314 virginea
1111 1231 1144 1295 et
1165 1231 1408 1296 incontaminate
1430 1233 1580 1297 hacteuus

211 1321 383 1386 Zriniornm
407 1319 483 1384 fides
506 1323 539 1384 et
550 1319 684 1385 illustria
708 1321 910 1397 maritatam
927 1318 1064 1384 familiae
1087 1337 1179 1402 quam
1198 1337 1267 1383 mea
1282 1319 1403 1403 propria
1425 1319 1578 1384 haetenus

209 1411 316 1491 sopita,
342 1407 432 1473 mede
455 1406 639 1472 reviviscent
664 1409 695 1472 et
720 1409 890 1490 proemium
911 1408 1079 1485 obtineant,
1097 1407 1179 1470 sicut
1195 1407 1277 1472 Deus
1309 1408 1390 1472 solet
1413 1425 1485 1472 cum
1501 1427 1575 1490 pec-

211 1496 367 1562 catoribus
390 1513 491 1577 agere.

318 1583 405 1648 Haec
427 1586 459 1646 at
481 1581 553 1661 alia,
577 1599 655 1666 quae
678 1583 840 1648 brevitatis
861 1582 963 1666 gratia
985 1582 1105 1660 emitto,
1119 1581 1259 1665 pluribus
1275 1582 1376 1648 verbis
1401 1600 1508 1649 ceram
1531 1601 1581 1650 me

209 1673 386 1756 exageravit
407 1671 509 1735 dietus
531 1672 620 1753 pater
643 1670 786 1736 Foratall.
810 1669 911 1750 Quare
935 1673 1026 1736 verbo
1051 1671 1132 1735 ultre
1151 1670 1289 1753 citroque
1313 1673 1383 1736 date
1417 1672 1450 1734 et
1471 1672 1575 1753 stipu-

208 1760 275 1825 lata
298 1758 441 1842 utrinque
464 1776 568 1837 manu,
592 1758 693 1823 filium
717 1777 821 1823 meum
846 1761 878 1823 et
900 1761 1031 1840 petitam
1055 1758 1194 1823 chartam
1220 1759 1360 1823 blancam
1384 1758 1483 1824 eidem
1508 1777 1581 1823 cen·

209 1848 340 1932 signavi,
362 1845 478 1912 addens
501 1848 669 1929 praeterea,
693 1865 742 1911 me
764 1849 907 1928 paratum
931 1866 997 1912 esse
1021 1848 1060 1911 ad
1083 1865 1133 1912 ees
1149 1846 1362 1911 comitandum
1377 1847 1425 1912 vel
1445 1865 1578 1930 sequen-

209 1937 293 2015 dum,
316 1936 342 2000 si
364 1935 469 2000 vestra
488 1953 628 2000 caesarea
649 1933 801 1999 Maiestas
814 1935 952 2017 jusserit.
975 1935 1016 1999 nt
1031 1954 1102 2000 cum
1125 1935 1277 1999 venissem
1302 1934 1463 2013 Viennam,
1487 1935 1581 2018 quasi

208 2025 312 2090 omnia
332 2023 484 2107 promissa
506 2021 672 2104 repetendo
692 2025 831 2088 oretenus
855 2024 975 2087 restrae
986 2023 1162 2088 Maiestatis
1180 2022 1274 2105 primi
1291 2021 1425 2086 ministri
1444 2022 1580 2088 firmiter

209 2114 303 2177 etiarn
327 2111 477 2193 stipulata
499 2129 592 2176 mann
633 2111 866 2193 promisserunt,
891 2111 1019 2176 simois
1050 2110 1173 2190 scriptis
1196 2127 1392 2192 composuere
1422 2109 1580 2175 tumultus

210 2199 383 2283 Ungariae;
410 2198 461 2263 ubi
484 2200 570 2265 Deus
593 2198 727 2262 mollivit
750 2198 873 2262 illerum
889 2199 1008 2264 animes
1025 2201 1057 2262 et
1078 2199 1230 2262 voluntati
1247 2200 1368 2263 vestrae
1384 2197 1494 2262 Mettis
1514 2216 1583 2262 ces·

209 2289 325 2352 serunt.
347 2287 408 2350 Ast
430 2304 487 2370 ego
510 2288 631 2368 praeter
651 2304 748 2368 spem,
771 2286 850 2351 citra
873 2287 1061 2369 premissum
1077 2304 1251 2350 caesareum
1268 2288 1300 2351 et
1314 2287 1444 2369 regium,
1461 2285 1495 2350 in
1520 2286 1580 2350 mi-

209 2376 300 2454 seria,
324 2375 474 2458 squalere,
499 2392 571 2438 cum
593 2374 714 2457 integra
738 2373 856 2439 familia
879 2374 986 2438 doinus
1011 2392 1097 2438 meae
1121 2374 1306 2450 volutamur,
1344 2375 1581 2452 marcescimus,

210 2465 334 2527 demum
357 2462 469 2527 misera
493 2463 637 2544 perimus.
659 2463 695 2525 In
717 2462 816 2527 danda
837 2461 943 2527 charta
966 2462 1077 2526 bianea
1094 2462 1189 2544 haesi,
1215 2464 1248 2525 ut
1270 2461 1379 2540 fateor,
1396 2460 1581 2544 aliquantis·

209 2570 273 2633 per,
297 2569 368 2615 cum
390 2552 423 2614 in
446 2569 482 2614 ea
504 2549 603 2632 pessit
624 2550 717 2613 scribi
741 2549 823 2614 necis
846 2552 902 2614 aut
925 2550 1005 2614 vitae
1028 2550 1193 2628 sententia,
1222 2567 1277 2613 nec
1300 2567 1360 2613 nen
1394 2551 1580 2614 retractatio

210 2638 365 2703 factarum
397 2638 643 2720 premissionem,
679 2636 873 2720 mirabarque
908 2638 938 2702 in
966 2657 1055 2719 quem
1087 2637 1179 2701 finem
1215 2639 1388 2718 peteretur;
1413 2637 1466 2702 sed
1502 2656 1579 2703 cum

210 2729 298 2810 pater
320 2725 443 2790 Ferstal
466 2724 631 2806 replicaret
654 2743 713 2789 nen
737 2743 804 2790 esse
824 2725 1104 2807 scrupulicaudum
1127 2725 1246 2807 quande
1269 2742 1317 2789 res
1348 2726 1397 2790 est
1419 2743 1490 2789 cum
1516 2725 1582 2790 cle-

210 2813 406 2878 mentissime
430 2810 569 2889 Caesare,
594 2812 734 2876 chartam
756 2813 898 2877 biancam
920 2815 982 2895 peti
1008 2815 1107 2895 petius
1131 2815 1162 2877 iu
1188 2813 1338 2896 majorem
1368 2812 1582 2877 confirmatio·

210 2921 282 2966 nem
305 2904 337 2964 et
360 2900 579 2964 validationem
601 2901 832 2982 promissorum,
856 2901 996 2982 deposita
1034 2902 1118 2965 onrni
1141 2901 1336 2966 cunctatione
1359 2904 1390 2964 et
1413 2899 1583 2966 formidine

212 3007 280 3054 earn
310 2988 433 3053 tradidi.
467 2987 635 3070 Postquam
671 2993 758 3070 pater
781 2989 902 3053 Forstal
941 2989 979 3052 ad
1018 3008 1120 3053 meum
1154 2988 1341 3072 colloquium
1374 2988 1424 3052 bic
1458 2989 1584 3054 Vienna

210 3075 366 3158 admissus
390 3078 446 3150 est,
469 3074 613 3158 inquisivi
637 3075 674 3139 de
696 3095 765 3140 mea
788 3075 895 3141 charta
918 3077 1026 3140 blanca
1046 3081 1078 3141 et
1101 3076 1173 3160 quid
1198 3077 1228 3141 in
1253 3076 1308 3140 illa
1342 3077 1493 3160 seriptum
1518 3077 1583 3141 fui·

212 3167 284 3244 sset,
306 3163 479 3247 respondit:
501 3183 533 3226 se
556 3163 677 3245 propria
701 3165 845 3228 manain
870 3165 1006 3230 conclavi
1030 3164 1194 3229 celsissimi
1226 3164 1372 3246 principis
1406 3165 1584 3230 Lobcovicb

212 3252 356 3336 scripsise
379 3253 410 3316 in
428 3269 473 3328 ea,
491 3269 567 3333 quae
584 3251 774 3316 celsissimus
790 3253 930 3334 princeps
951 3253 1063 3336 jussit3
1088 3252 1255 3335 principem
1276 3253 1382 3317 autem
1400 3252 1480 3316 nihil
1496 3253 1585 3316 aliud

211 3341 346 3424 petiisse,
369 3359 460 3424 quam
484 3342 520 3404 ut
543 3357 591 3404 me
612 3339 782 3423 obligarem
803 3341 842 3404 ad
865 3340 1074 3422 recipiendum
1098 3341 1286 3423 praesidium
1328 3357 1518 3419 caesareum,
1545 3342 1585 3405 ad

210 3429 394 3494 veniendum
417 3427 476 3491 huc
498 3427 530 3490 in
554 3444 683 3508 persona
706 3429 738 3491 et
758 3427 798 3491 ad
821 3426 1047 3492 denunciandes
1070 3429 1252 3510 complices3
1276 3446 1354 3511 quae
1385 3427 1488 3494 emnia
1509 3428 1583 3511 jam

212 3535 265 3599 per
289 3535 336 3580 me
359 3515 441 3580 faeta
463 3517 496 3580 et
518 3516 668 3597 praestita
691 3517 773 3580 sunt.
798 3515 909 3593 Audio,
936 3534 1024 3598 posse
1050 3515 1133 3580 hisee
1156 3517 1234 3580 meis
1257 3515 1428 3580 rationibus
1458 3517 1587 3598 epponi,

212 3603 292 3688 quod
316 3604 416 3667 forsan
441 3607 527 3684 pater
550 3603 685 3668 Forstall
711 3621 765 3685 pro
796 3622 851 3668 suo
882 3604 1037 3668 interesse
1069 3603 1290 3687 excogitaverit
1323 3605 1355 3668 et
1386 3607 1587 3669 commentus

210 3691 305 3756 fuerit
327 3691 383 3754 illa
405 3693 534 3756 verbosa
555 3692 716 3773 premissa,
740 3691 817 3756 item
852 3691 944 3756 verba
974 3692 1138 3756 celsissimi
1172 3691 1319 3774 principis
1352 3689 1528 3757 bobcevieb
1553 3695 1586 3756 et

210 3779 346 3844 exussmi
368 3778 467 3843 dulae
489 3777 665 3843 cancellarii
686 3798 745 3843 nen
768 3779 918 3856 sufficere,
943 3797 999 3844 nec
1014 3797 1170 3844 cessarem
1193 3778 1292 3843 teneri
1306 3777 1344 3844 ad
1367 3779 1479 3855 omnia,
1501 3798 1585 3862 quae

210 3868 400 3951 promittunt
422 3867 574 3941 ministrir
599 3868 729 3948 denique
752 3885 806 3950 per
829 3867 970 3932 chartam
991 3867 1132 3933 blancam
1156 3885 1205 3932 me
1229 3867 1351 3948 quidem
1371 3865 1505 3948 obligari
1523 3887 1587 3932 nen

211 3957 317 4020 autem
339 3973 504 4020 caesarem.
523 3955 568 4018 At
590 3954 709 4019 similes
730 3954 922 4020 subtilitates
945 3957 1019 4019 sunt
1042 3973 1096 4038 pre
1128 3954 1349 4037 professoribus
1378 3954 1409 4018 iu
1434 3954 1529 4019 scolis
1555 3959 1587 4020 et

209 4043 261 4110 vix
282 4044 362 4108 inter
383 4043 526 4114 honestos
550 4045 736 4107 mercatores
758 4044 932 4108 tractantur
953 4046 1010 4107 aut
1034 4043 1253 4125 practicantur,
1277 4039 1376 4107 multe
1407 4041 1513 4107 minus
1550 4044 1585 4108 in

210 4128 296 4196 Aula
319 4149 470 4206 caesarea,
495 4131 549 4194 aut
572 4128 693 4213 quande
716 4131 888 4195 tractantur
923 4149 994 4196 cum
1027 4130 1175 4214 principe,
1198 4148 1279 4213 rege,
1311 4147 1450 4206 caesare;
1485 4131 1586 4196 verba

211 4219 293 4285 enim
317 4219 492 4301 principum
514 4217 738 4282 transcendunt
767 4218 870 4300 apices
899 4218 988 4302 juris.
1025 4219 1119 4283 Pater
1153 4219 1288 4283 Foratall
1326 4217 1436 4283 habuit
1470 4218 1583 4284 literas

211 4307 458 4373 credencienales
481 4324 500 4370 a
523 4305 679 4371 celsisime
703 4306 840 4390 principe
864 4305 1046 4384 bebcovich,
1071 4306 1184 4388 quibus
1207 4324 1264 4390 ege
1286 4305 1379 4370 fidem
1393 4305 1585 4386 deredebui;

210 4395 238 4460 si
260 4397 349 4478 pater
371 4394 507 4460 Forstall
529 4395 610 4458 male
633 4392 717 4472 fecit,
742 4396 768 4459 si
792 4395 916 4474 erravit,
935 4393 961 4460 si
979 4395 1095 4460 limites
1119 4412 1193 4460 suae
1226 4393 1451 4478 jurisdictionis
1474 4405 1585 4460 exces-

210 4484 286 4548 serit
309 4483 404 4567 (qued
423 4500 485 4548 nen
507 4480 622 4564 crede),
649 4481 762 4548 viderit
783 4483 847 4561 ille,
869 4482 966 4564 ipsius
989 4501 1073 4548 error
1098 4500 1158 4547 non
1192 4482 1285 4547 debet
1315 4480 1392 4546 mibi
1426 4481 1581 4548 damnum

209 4572 378 4654 reportare,
402 4571 477 4635 dum
501 4569 570 4648 feci,
594 4571 674 4652 quod
697 4569 798 4634 debui.
823 4571 935 4652 Etego
951 4589 1022 4635 eum
1045 4571 1218 4635 celsissime
1242 4570 1379 4653 principe
1401 4570 1581 4636 Lebcovicb

210 4659 243 4724 et
265 4676 404 4724 exessmo
426 4657 526 4723 Aulae
549 4658 720 4723 cancelario
743 4659 863 4723 Barone
886 4659 1019 4737 Hecher,
1042 4658 1075 4723 in
1098 4658 1249 4741 quantum
1271 4676 1416 4740 personae
1431 4657 1578 4741 publicae

210 4748 282 4813 sunt
306 4747 337 4812 et
356 4764 512 4812 caesarem
542 4746 784 4828 repraesentant,
819 4747 1018 4830 ejusdemque
1051 4747 1124 4812 suut
1157 4744 1388 4829 principaliores
1423 4746 1577 4828 ministri,
