3286 5260
1355 377 1418 445 291

48 554 170 622 nomino
195 555 318 622 abbatis
342 556 511 624 Palmerini
531 556 588 634 ,ad
607 554 849 623 dissuadendum
867 555 1098 622 matrimonium
1117 574 1188 622 cum
1206 556 1420 624 archiduoissa

47 646 78 708 et
100 644 379 711 confederationem
403 663 473 710 cum
490 645 651 724 Austria“,
677 665 735 710 von
759 644 852 724 ibme,
875 644 999 710 Grallen
1031 663 1089 710 von
1119 645 1201 722 Zrin,
1235 645 1420 729 geschichht

49 733 180 810 worden,
205 732 267 796 und
291 734 375 799 hetto
408 735 466 797 den
489 732 563 800 Zrin
592 733 651 798 mit
679 733 749 798 dem
780 731 1076 798 denemarlrhiscben
1111 733 1302 798 Residenten
1339 733 1421 800 alhie

48 838 153 903 wagan
181 820 237 884 des
270 819 391 904 Konigs
416 822 447 885 in
477 820 574 886 Polen
605 820 749 885 Heurath
780 820 838 884 mit
871 820 954 884 einer
975 819 1156 885 Prinoessin
1178 839 1236 885 ana
1278 821 1420 906 selbigen

50 907 175 992 Konigl.
201 908 306 973 Hauss
330 909 413 973 alhie
437 909 580 973 tractiert
603 908 664 973 und
688 906 946 990 correspondiert.

153 995 326 1060 Endlichau
359 997 415 1060 hat
445 995 499 1060 der
528 997 611 1061 Horr
640 995 840 1061 Hofflranzler
872 997 952 1074 ibno,
985 994 1110 1062 Graffen
1141 1011 1200 1060 von
1225 995 1418 1079 Frangepan,

46 1084 187 1167 gesragt:
224 1082 263 1147 ob
288 1103 321 1147 er
344 1084 427 1148 ihme
450 1083 682 1168 dissehussag
715 1083 774 1147 mit
804 1082 904 1148 einem
937 1083 1102 1148 Jurament
1136 1104 1172 1147 zu
1203 1085 1418 1148 confirmieren

46 1173 214 1252 gatrauet?
241 1207 275 1217 --
304 1171 404 1236 Rdet:
428 1170 478 1250 Ja,
502 1171 563 1236 und
586 1172 642 1236 hat
665 1172 734 1235 dem
750 1171 852 1236 Herrn
868 1170 1064 1236 Hoffcanzler
1087 1171 1138 1234 die
1156 1171 1248 1236 Hand
1268 1172 1417 1254 gegeben,

46 1258 192 1341 rorlangt
214 1257 302 1335 Gott,
325 1258 400 1324 solla
424 1278 458 1324 so
481 1260 675 1344 barmherzig
697 1260 772 1336 sein,
797 1258 859 1324 ales
885 1259 941 1326 wie
966 1279 999 1322 er
1022 1277 1055 1322 es
1081 1258 1215 1324 treulich
1237 1259 1345 1324 maint.
1451 1283 1453 1286 ·

155 1345 224 1411 Den
245 1346 394 1411 anderten
418 1346 494 1432 Tag,
521 1347 584 1411 alsa
607 1346 665 1411 dan
690 1345 731 1410 at
763 1345 849 1434 Junij
884 1347 939 1410 hat
971 1347 1040 1410 dem
1067 1346 1169 1412 Herrn
1201 1346 1419 1411 Hoffcanalern

47 1451 85 1509 er,
110 1433 197 1516 grati
218 1451 277 1499 von
298 1435 492 1518 Frangepan,
515 1434 764 1518 Nachfolgendee
788 1434 949 1499 schreiben
973 1433 1163 1517 geschickbt.

151 1523 317 1587 lavana:
346 1521 507 1607 Anssagen
533 1522 588 1588 des
602 1522 744 1590 eradens
761 1539 819 1587 von
837 1522 1030 1607 Frangepan.
1048 1521 1138 1587 Wien
1156 1521 1197 1586 26
1215 1521 1301 1606 Junij
1320 1522 1413 1588 1610.
1510 1589 1513 1594 ,

690 1695 784 1782 454.

53 1823 147 1896 1670,
158 1824 204 1884 27
216 1823 323 1897 11111111.
347 1821 416 1882 Rea
432 1823 532 1884 Pteme
551 1822 642 1883 Petra
659 1821 825 1900 Zrimekopc
847 1842 889 1885 aa
904 1829 999 1886 castr.
1016 1825 1178 1887 humectare
1193 1827 1258 1886 bar.
1275 1826 1420 1886 Hochcra.

625 1907 663 1991 (o.
688 1912 730 1971 br.
755 1913 845 1982 452).

151 2048 369 2114 Illustrissime
390 2051 421 2112 at
442 2047 704 2114 excellentissime
727 2048 786 2113 dne
811 2047 937 2132 patrone
960 2051 1194 2116 colendissimo!

153 2137 232 2200 Heri
254 2136 287 2200 in
311 2139 469 2202 tantorum
493 2155 595 2201 rerum
619 2137 758 2203 examine
782 2156 841 2201 non
872 2140 1035 2203 occurernt
1058 2139 1134 2204 mihi
1163 2138 1419 2204 circumstantiae

49 2223 207 2288 actionum
234 2243 374 2290 mearum
405 2226 437 2289 et
465 2226 551 2309 origo
579 2225 754 2290 litterarum
786 2244 936 2304 mearum,
970 2244 1048 2310 quae
1079 2229 1185 2291 contra
1214 2247 1263 2291 me
1291 2227 1420 2291 adducto

49 2313 132 2388 snnt,
155 2311 238 2376 unde
260 2312 447 2395 simpliciter
471 2311 871 2378 confirmauihlxcellentiae
894 2313 1034 2390 Vestrae,
1051 2317 1233 2397 conceptum
1249 2332 1360 2396 nempe
1384 2332 1420 2378 ex

47 2396 262 2481 desperatione
279 2411 330 2464 ‘me
353 2399 463 2465 iecisse
486 2419 541 2466 seu
560 2401 730 2484 scripsisse.
752 2399 812 2464 Sed
837 2403 944 2483 postea
964 2419 1103 2466 reversus
1121 2403 1151 2466 in
1175 2400 1368 2466 ordinarium
1388 2405 1420 2466 ot

49 2485 176 2570 longum
200 2505 306 2552 mcum
330 2489 478 2566 arastum,
503 2489 620 2552 occurit
649 2488 727 2553 mihi
751 2506 826 2571 pura
848 2489 881 2553 et
903 2488 996 2554 realis
1019 2507 1112 2554 causa
1137 2507 1276 2554 mearum
1312 2489 1421 2553 litera·

50 2591 128 2639 rum.
159 2573 356 2659 Quapropter
378 2593 452 2658 rogo
475 2575 661 2653 humillime,
685 2595 721 2640 ne
745 2574 885 2641 malitiae
908 2575 1024 2660 aliquid
1049 2594 1135 2642 meae
1156 2576 1318 2655 attribuat,
1339 2575 1418 2658 quod

47 2660 112 2742 jam
136 2666 320 2746 conceptum
343 2661 475 2730 Vestrae
498 2663 708 2729 Excellentiae
732 2667 762 2728 et
786 2663 962 2729 hesternam
986 2664 1153 2730 tassionem
1178 2663 1240 2729 alio
1260 2683 1352 2728 sensu
1369 2664 1421 2727 do·

49 2748 140 2897 (salaro,
166 2750 238 2834 quia
261 2753 389 2816 certast
403 2751 536 2816 tarditas
557 2753 735 2829 memoriae,
760 2753 791 2815 et
814 2751 956 2816 miseriae
979 2751 1142 2816 diuturnae
1165 2769 1253 2816 meae
1275 2750 1419 2816 oblivisci

62 2837 175 2902 acient.

154 2925 282 3008 Suplieo
302 2928 397 2991 etiarn
420 2925 645 2991 Excellentiam
658 2926 814 2990 Vestram:
838 2925 982 3010 dignetur
995 2927 1069 2991 mihi
1084 2923 1243 2992 licentiam
1267 2925 1421 2992 scribendi

53 3011 187 3078 tribuero
210 3034 264 3097 pro
288 3033 348 3078 uno
372 3016 427 3079 ant
449 3014 547 3078 altero
571 3013 696 3078 ortivali
721 3013 837 3077 uestitu
859 3017 892 3080 et
913 3014 1077 3094 hismeria,
1096 3015 1215 3098 aliquot
1234 3015 1316 3081 uasis
1346 3013 1419 3090 vini,

51 3103 81 3162 ot
124 3119 184 3165 uno
216 3121 313 3185 puero
345 3102 484 3185 ephebo;
514 3101 564 3166 hic
599 3101 682 3165 enim
718 3098 913 3166 Camerarius
949 3120 1052 3182 mous,
1087 3102 1170 3169 dorni
1202 3103 1420 3187 evigiliarum

49 3189 222 3266 praelocato
246 3189 370 3270 Spanho
393 3191 479 3254 totns
503 3188 687 3271 depredatos
710 3189 769 3262 ost;
793 3188 903 3254 babuit
925 3208 1074 3270 sororem,
1088 3191 1315 3255 sedillaetiam
1338 3207 1421 3254 mor·

50 3277 112 3354 tua,
137 3276 243 3342 nullus
265 3276 298 3354 iu
321 3277 444 3354 mundo,
481 3279 534 3360 qui
565 3295 639 3340 suae
668 3277 844 3358 paupertati
877 3277 1062 3360 invigilaret.
1087 3277 1119 3344 Si
1143 3281 1248 3342 autern
1282 3277 1419 3358 aliquam

48 3365 291 3429 misericordiam
315 3383 334 3428 a
354 3365 477 3430 domino
499 3369 604 3429 nostro
626 3365 870 3429 clementissimo
903 3384 1070 3448 sperarem,
1095 3367 1294 3446 expectarem
1325 3365 1419 3429 donec

48 3447 107 3515 Sua
130 3450 283 3534 Majestas
307 3453 385 3517 meis
408 3453 640 3518 calamitatibus
660 3452 938 3518 commiserobitur.
963 3452 1021 3516 His
1041 3471 1090 3516 me
1107 3452 1323 3516 recommendo
1346 3470 1417 3533 gra-

48 3537 107 3602 tiae
129 3539 362 3605 illustrissimae
385 3543 416 3604 et
439 3540 717 3604 excellentissimae
740 3541 943 3606 dominationi
968 3541 1098 3619 vestrae,
1124 3540 1256 3604 servitor
1286 3539 1416 3605 addism.

50 3623 81 3690 C.
106 3627 158 3691 Pr.
181 3646 201 3690 a
224 3627 333 3711 Zrinij.
362 3627 502 3694 Viennae
526 3627 568 3689 ‘27
591 3627 666 3693 Juni
698 3627 786 3692 1610.

89 3718 172 3780 rora.

690 3799 781 3886 455.

49 3928 144 3998 1670,
171 3931 216 3988 27
238 3929 344 4002 lapnp'c.
368 3928 438 3989 Bae.
456 3929 548 3989 Potor
572 3928 694 3988 Zrtnsht
716 3928 888 4001 opracdcco
908 3945 939 3986 sc
959 3927 1042 4001 pleds
1065 3945 1155 4002 scopa
1177 3945 1219 3987 no
1243 3929 1295 3988 Fr.
1320 3929 1417 3989 Pharo

366 4019 485 4091 topace
505 4019 606 4092 piamu
628 4016 666 4076 od
683 4017 725 4076 21
750 4015 866 4088 odera.
890 4017 928 4090 (1.
953 4016 995 4074 br.
1015 4017 1101 4092 138).

154 4152 309 4232 Quantum
325 4153 362 4219 ad
376 4153 520 4233 litteras,
545 4173 621 4238 quas
644 4152 817 4217 Marehioni
834 4152 955 4236 scripsi,
969 4151 1073 4235 postea
1085 4153 1276 4219 considerata
1292 4158 1323 4220 et
1338 4156 1416 4222 bone

47 4239 219 4320 ponderata
242 4242 288 4306 rei
309 4241 440 4306 veritate
461 4243 580 4307 occurit
603 4239 680 4305 mihi
702 4241 837 4323 genuina
859 4242 983 4318 veritas,
1018 4258 1112 4322 supra
1148 4243 1271 4322 qualem
1296 4262 1417 4327 semper

48 4345 116 4393 cum
141 4347 220 4411 pura
244 4329 433 4395 conscientia
455 4330 533 4395 mori
556 4329 661 4394 audeo.

151 4415 231 4482 Illas
255 4416 390 4482 Litteras
413 4418 550 4501 inquam,
575 4435 630 4481 nec
652 4437 689 4481 ax
712 4416 925 4501 desperatione
958 4434 1014 4481 nec
1044 4435 1080 4481 ex
1113 4418 1216 4502 aliqua
1248 4417 1419 4484 deliberata

46 4505 169 4572 malitia
196 4505 318 4588 scripsi,
343 4505 397 4570 sed
413 4505 452 4570 ad
469 4504 672 4570 revocandum
690 4523 726 4569 an
741 4505 854 4570 Turoia
878 4504 1142 4570 Bnlrovachhium.
1167 4507 1197 4570 Is
1219 4505 1318 4588 primo
1341 4507 1419 4571 mihi

47 4594 182 4678 scripsit,
206 4591 312 4658 omnia
335 4593 456 4658 intente
479 4611 534 4658 sua
557 4592 729 4674 perfecisse,
762 4595 814 4658 sed
838 4595 874 4657 ut
905 4591 1014 4658 statim
1046 4593 1236 4658 hostilitates
1268 4595 1300 4657 et
1331 4611 1418 4660 arma

45 4683 264 4756 exerceamus
290 4681 339 4746 bis
364 4680 516 4764 perceptis
539 4679 611 4744 misi
632 4679 781 4746 Revereri.
803 4679 926 4763 Eppum
939 4681 978 4745 ad
991 4677 1084 4745 Suam
1110 4679 1219 4760 ldtem,
1232 4682 1267 4746 ut
1291 4699 1412 4747 menon

44 4769 240 4853 derelinquat
262 4770 294 4834 et
316 4767 484 4853 provideat.
509 4767 639 4833 Interim
660 4768 764 4835 omnia
786 4769 890 4850 quieta
913 4770 1011 4850 orant,
1035 4768 1147 4836 iterato
1179 4769 1288 4836 scribit
1312 4769 1417 4834 Bulro·
