3296 5276
1376 377 1443 451 5111

72 557 197 641 quidem
219 561 311 625 rebus
333 561 501 627 mobilibus
524 563 686 644 sequentes
709 564 747 626 ad
779 563 917 627 nostram
947 563 1136 644 potestatem
1159 563 1334 646 accepimus
1358 563 1389 626 31
1410 563 1443 628 13

74 648 169 712 aliam
194 648 348 732 deportari
369 649 518 715 fecimus:
556 650 643 715 (lista
673 650 774 716 minor
811 669 879 728 una,
912 651 993 732 pelle
1027 652 1168 728 obducta,
1203 652 1234 716 in
1258 652 1442 734 33333311-

74 737 186 800 nentur
206 739 334 819 quidam
357 738 440 804 libri.
476 739 550 804 Alia
573 738 686 804 similis
720 740 800 804 cista
831 739 863 803 iu
894 757 953 821 qua
988 739 1162 804 continetur
1191 758 1302 821 purum
1325 738 1443 820 liunm3

73 825 149 888 item
171 829 275 890 certas
297 826 433 910 31331333
457 828 537 896 13133
561 825 672 891 variati
693 827 801 891 coloris
824 845 877 908 pro
901 827 1047 892 matracia
1070 828 1102 892 31
1118 828 1328 910 pulvinaribus
1352 829 1444 909 aptae

72 913 175 994 petiae
198 913 386 990 octodecim3
421 917 497 980 item
531 915 689 980 caeruleas
723 915 803 980 telae
838 915 870 978 iu
904 915 1027 998 globum
1064 915 1243 980 3333313133
1278 915 1377 996 petiae
1402 921 1443 989 4;

73 1001 150 1065 item
173 1000 255 1066 cista
276 1003 338 1067 alia
362 1003 473 1068 similis
496 1004 650 1086 prioribus
672 1002 752 1085 pelle
775 1002 907 1068 obducta
927 1003 958 1066 in
981 1022 1041 1085 qua
1057 1003 1232 1068 continetur
1254 1003 1327 1079 tela,
1351 1003 1442 1068 crilih

72 1089 166 1167 dicta,
191 1107 246 1173 pro
268 1086 480 1170 cervicalibus,
504 1093 651 1157 matracis
675 1093 706 1156 et
728 1091 961 1174 pulvinaribus3
991 1093 1066 1156 item
1091 1091 1202 1156 cistula
1224 1109 1285 1156 333
1308 1109 1357 1155 333
1381 1092 1444 1156 cri·

72 1194 150 1260 guas
173 1179 351 1252 continens:
374 1180 451 1245 item
474 1178 554 1245 cista
575 1197 636 1244 uua
654 1197 750 1244 vacua
771 1197 899 1264 magum
936 1180 1011 1244 item
1035 1180 1196 1244 31313333
1227 1196 1336 1254 33333ς
1368 1179 1443 1244 item

70 1264 160 1330 sedes
183 1266 337 1350 pulchrae,
363 1269 415 1333 sed
436 1267 717 1355 jam·aliquautum
740 1269 868 1332 attritae
892 1286 950 1332 sor.
975 1303 1017 1314 -
1041 1269 1188 1351 Reliquae
1211 1285 1280 1332 vero
1302 1286 1351 1332 res
1374 1269 1452 1332 uui--

72 1372 180 1418 uersae
203 1373 295 1438 supra
333 1356 505 1421 declaratae
541 1375 614 1437 pras
637 1355 778 1421 manibus
814 1359 1000 1421 memoratae
1035 1357 1113 1420 dnae
1147 1355 1324 1421 comitissae
1347 1373 1443 1438 usque

26 1445 34 1468 ¹
71 1441 109 1505 ad
134 1441 232 1524 ipsius
247 1463 283 1509 ex
305 1462 375 1509 arce
390 1444 576 1510 Chaktomia
599 1446 769 1508 discessum
785 1446 1008 1522 remanserunt,
1032 1462 1108 1526 quas
1124 1443 1179 1508 illa
1195 1443 1305 1520 deiude
1327 1445 1455 1526 partim,
1566 1477 1568 1481 .

70 1529 144 1594 aliis
167 1529 301 1611 donarit,
335 1535 450 1614 partim
481 1551 583 1598 secum
610 1531 757 1609 abstolit;
794 1533 872 1596 unde
901 1535 972 1615 post
1000 1531 1085 1597 illius
1108 1533 1276 1597 discessum
1300 1531 1331 1596 iu
1354 1551 1444 1615 prae·

69 1619 190 1700 scripta
211 1620 299 1683 domo
333 1621 428 1699 illius,
463 1621 618 1704 praesenti
654 1621 777 1685 domiuo
801 1619 954 1686 Collouelo
976 1621 1044 1684 Zeis
1069 1638 1122 1685 uec
1146 1639 1204 1685 uon
1227 1620 1353 1702 egregio
1375 1618 1444 1686 Ste-

69 1706 174 1788 phano
198 1706 318 1773 Godiua
338 1708 473 1792 junilium
507 1711 653 1774 comittus
687 1709 894 1782 saaladieusis,
930 1709 1005 1772 baec
1035 1711 1109 1774 suut
1138 1709 1298 1774 133331313
1321 1710 1353 1773 31
1373 1725 1444 1772 oon-

69 1796 188 1877 sripta:
210 1795 242 1860 iu
265 1796 366 1880 prima
385 1798 472 1862 domo
488 1798 589 1880 imago
610 1797 755 1880 principis
771 1795 933 1872 Sarouiae3
958 1797 989 1860 in
1012 1796 1072 1860 alia
1089 1799 1181 1861 domo¹
1200 1797 1269 1880 pice
1293 1797 1442 1880 imagines

69 1903 100 1947 u.
126 1883 166 1960 ὃς
190 1883 271 1949 31133
294 1903 365 1950 3333
387 1885 538 1970 imagines
562 1885 674 1950 diversi
712 1886 833 1969 generis
856 1905 885 1949 u.
914 1883 969 1960 13;
1000 1886 1074 1949 item
1107 1886 1244 1967 spanisse
1279 1884 1357 1949 bont
1379 1887 1445 1949 sire

70 1971 209 2037 cortinae
232 1992 262 2037 n.
286 1973 324 2050 23
348 1974 424 2038 item
461 1975 605 2039 baldekiu
638 1972 766 2037 rubrum
799 1991 832 2036 er
867 1971 999 2036 kamulra
1032 1973 1124 2038 rubra
1156 1992 1224 2038 cum
1260 1972 1442 2053 dependenti

73 2060 195 2125 cortina
216 2079 279 2124 333
300 2079 330 2125 n.
359 2066 393 2138 l;
414 2063 489 2126 item
514 2064 600 2144 tapes
624 2062 752 2145 sbllyem
769 2067 901 2144 szdnyeg
924 2059 1027 2124 dictus
1051 2079 1079 2124 u.
1103 2064 1137 2136 13
1158 2063 1245 2142 tapes
1269 2061 1347 2125 31133
1370 2062 1445 2125 sim·

73 2147 146 2230 pler
166 2147 318 2230 majorad
339 2150 415 2215 duas
436 2167 558 2216 mensas
581 2171 610 2214 u.
635 2151 670 2227 1;
695 2150 770 2214 item
790 2149 887 2213 sellae
909 2149 988 2230 pelle
1016 2151 1152 2213 suattrau
1173 2150 1321 2213 obductas
1343 2169 1371 2214 u.
1398 2147 1444 2224 7.;

71 2237 150 2300 item
173 2235 269 2302 sellae
291 2237 383 2302 viridi
406 2239 486 2321 pelle
508 2239 657 2303 obductae
689 2258 715 2303 n
739 2237 789 2314 3.;
813 2237 889 2301 item
911 2255 947 2300 ex
970 2237 1050 2300 bisso
1073 2237 1165 2302 rubro
1189 2237 1282 2301 331133
1305 2241 1341 2314 2;
1367 2237 1442 2302 item

72 2324 206 2389 31313133
230 2325 315 2406 parri
338 2327 488 2392 momenti
519 2344 573 2409 pro
596 2327 743 2409 apotheca
775 2325 920 2408 parvulae
957 2325 993 2404 23
1018 2325 1094 2388 item
1117 2325 1274 2390 mensulae
1301 2325 1444 2407 parvulae

73 2415 203 2477 ornatae
224 2412 336 2478 sillrot
366 2416 408 2479 tis
440 2415 539 2479 (113133
563 2414 601 2489 2;
632 2415 709 2478 item
739 2415 855 2495 tapetia
883 2431 919 2477 or
941 2413 1020 2494 pelle
1044 2413 1190 2478 deaurata
1212 2414 1243 2476 in
1268 2430 1327 2477 uuo
1350 2431 1443 2496 parvo

71 2499 226 2565 cubicello
248 2502 307 2566 sub
330 2503 426 2578 turri;
461 2501 536 2567 item
571 2501 685 2566 similis
719 2501 839 2583 tapecia
871 2500 903 2564 iu
924 2500 985 2564 alia
1018 2501 1124 2577 domo;
1158 2501 1235 2566 item
1258 2503 1394 2565 matraca
1416 2503 1443 2578 l,

70 2587 173 2652 133133
197 2607 233 2652 ex
255 2589 335 2654 ferro
361 2591 388 2667 1,
414 2593 488 2654 item
523 2591 623 2655 lectus
654 2589 816 2671 portabilis
844 2606 898 2672 pro
928 2588 1050 2654 homine
1081 2608 1139 2654 uuo
1166 2595 1199 2664 ¹3
1233 2589 1309 2653 item
1333 2587 1460 2653 cistula.

69 2675 175 2741 133333
198 2677 326 2760 parvula
347 2697 442 2744 vacua
467 2685 494 2756 1,
519 2678 595 2744 item
614 2677 811 2742 armariolum
829 2675 1018 2760 duplicatum
1047 2695 1099 2759 pro
1119 2677 1310 2742 recludendis
1333 2676 1444 2740 reculis

74 2763 295 2842 muliebribus,
320 2767 431 2845 anulis,
456 2766 620 2831 monilibus
643 2767 673 2830 et
697 2765 851 2830 similibus
877 2769 911 2842 l;
937 2764 1012 2829 item
1036 2766 1125 2847 panni
1150 2765 1312 2840 viridisiu
1331 2765 1444 2829 mensis

71 2853 110 2926 ὃς
136 2853 213 2916 item
236 2853 315 2917 cista
338 2873 398 2919 uua
413 2854 521 2936 major
549 2855 662 2937 lignea,
694 2854 726 2917 in
748 2872 809 2937 qua
830 2871 880 2918 res
903 2853 1030 2936 exiguae
1057 2854 1104 2917 uti
1128 2854 1276 2937 quaedam
1299 2855 1444 2936 autiquae

69 2940 217 3022 plumeae
240 2943 409 3021 strationis,
426 2943 534 3008 deiude
549 2941 689 3007 fimbriae
704 2941 824 3023 aliquae
840 2941 985 3006 similiter
1001 2942 1099 3026 exigui
1119 2943 1265 3007 momenti
1289 2941 1441 3025 antiquae,

69 3029 189 3110 partim
213 3030 361 3109 33313333,
387 3031 498 3114 partim
532 3050 569 3095 er
591 3031 644 3095 filo
673 3029 782 3107 133133,
813 3029 917 3098 omnia
940 3029 1062 3110 quidem
1086 3029 1117 3094 in
1139 3030 1250 3114 exigua
1271 3032 1445 3113 quantitate

67 3117 246 3181 existentia.
272 3153 311 3164 -
335 3117 418 3198 Quae
441 3123 543 3184 autem
564 3119 596 3182 in
620 3118 768 3200 superiori
791 3117 1018 3200 contignatione
1041 3121 1114 3182 suut
1137 3119 1271 3198 inventa,
1296 3119 1444 3201 uobisque

68 3223 128 3288 per
152 3205 247 3269 duum
270 3207 455 3272 collonelnm
487 3209 556 3272 Zeis
578 3209 716 3288 tempore
733 3199 958 3271 confiscationis
978 3207 1056 3270 arcis
1080 3204 1266 3272 Chaltornie
1289 3206 1320 3270 in
1344 3205 1445 3288 aliqua

68 3294 162 3374 parte
185 3294 342 3378 resignata
363 3315 398 3361 ac
419 3313 472 3378 per
494 3315 548 3360 nos
580 3295 738 3361 incantata
759 3298 792 3358 31
824 3293 1008 3376 conscripta,
1041 3294 1098 3358 hoc
1119 3295 1224 3359 ordine
1247 3293 1443 3360 adnotantur.

68 3383 108 3446 lu
147 3380 231 3446 dieta
262 3386 410 3464 superiori
445 3384 673 3468 contignatione
710 3384 774 3446 tres
804 3385 877 3447 sunt
907 3382 1014 3446 doinus
1046 3387 1275 3465 consequenter,
1312 3399 1443 3466 quarum

1 3490 2 3493 ¹
69 3468 163 3534 nulla
185 3470 233 3534 est
253 3472 519 3552 peristromatibus
540 3474 680 3550 obducta,
719 3469 749 3534 iu
779 3471 887 3535 iisdem
915 3470 1058 3535 domibus
1080 3489 1129 3534 res
1153 3472 1283 3536 mobiles
1306 3469 1444 3552 sequenti

69 3556 182 3621 ordine
205 3565 278 3622 suut
300 3561 569 3626 insentata02'Nr.
597 3562 625 3624 1.
644 3560 738 3624 sellae
755 3577 885 3642 magnae
901 3559 1009 3643 majori
1028 3577 1063 3623 er
1083 3561 1169 3641 parte
1186 3560 1312 3624 attritae
1335 3557 1444 3624 florida

69 3645 207 3710 materia
230 3646 379 3714 obductae
402 3650 438 3726 6;
475 3650 550 3713 item
569 3648 669 3714 lectus
693 3646 809 3711 ferreus
832 3647 889 3712 sub
923 3647 1167 3728 prominentibus
1190 3667 1243 3730 pro
1266 3650 1444 3712 ornamento

68 3733 189 3816 aquilis
212 3734 365 3802 deauratis
386 3740 420 3813 1;
444 3736 476 3802 iu
499 3737 603 3802 eodem
635 3737 716 3801 lecto
740 3737 892 3801 matrecao
910 3752 1039 3817 magnas
1062 3736 1099 3815 33
1123 3735 1200 3800 item
1216 3737 1311 3801 sellae
1334 3753 1445 3818 parrae

69 3822 229 3887 demissae
250 3825 316 3888 sine
339 3826 522 3901 inclinatrio,
562 3827 693 3890 sericeas
716 3822 791 3888 33113
813 3823 963 3905 pulchrae
990 3841 1046 3887 acu
1078 3824 1178 3906 pictae
1198 3825 1317 3907 persico
1339 3823 1444 3888 laboro

71 3909 136 3984 12;
160 3910 238 3975 item
262 3931 350 3977 arcus
372 3933 443 3979 cum
467 3913 615 3978 fasciculo
645 3911 817 3996 sagitarum
836 3930 903 3988 uno,
927 3910 1025 3975 thanis
1043 3931 1111 3974 vero
1134 3931 1190 3976 acu
1213 3931 1283 3976 cum
1307 3911 1445 3994 strophio

68 4000 169 4086 pictis
193 4002 310 4066 duobus
336 4003 372 4077 l;
412 4003 486 4067 item
510 4004 598 4084 tapes
622 4003 737 4066 3331333
760 4000 797 4064 ad
838 4017 960 4064 mensas
982 4004 1046 4063 tres
1072 4002 1107 4075 13
1143 4000 1220 4064 item
1243 4003 1363 4081 tapetes
1387 4001 1446 4063 mi-

69 4109 165 4156 nores
191 4089 309 4154 3133131
339 4109 470 4176 scyuygs
503 4090 578 4154 dicti
601 4091 639 4166 23
674 4090 749 4153 item
785 4087 940 4169 ephipium
974 4089 1040 4151 siue
1063 4088 1253 4170 stapedibus,
1288 4087 1444 4152 claviculis

69 4179 232 4262 argenteis
256 4178 478 4261 aliquantisper
499 4179 641 4242 ornatum
667 4181 701 4253 1;
741 4178 814 4240 itam
830 4177 918 4241 ‘cista
941 4174 1047 4254 133333,
1087 4178 1117 4240 13
1141 4195 1202 4260 qua
1226 4179 1444 4240 exstaturum

67 4266 238 4353 pulchrum
273 4268 389 4350 pensile
427 4265 617 4349 horologium
659 4265 826 4329 lorinsecus
861 4267 1052 4328 deauratum.
1087 4263 1141 4328 Nr.
1167 4266 1197 4328 2.
1222 4265 1299 4330 item
1332 4264 1446 4330 cistula

67 4375 170 4442 parra
194 4356 405 4420 conservandis
431 4355 609 4419 necessariis
642 4353 858 4434 instrumentis
896 4353 1050 4436 aliquibus
1082 4354 1238 4436 argenteis
1263 4353 1443 4418 domicellae

68 4465 128 4532 pro
152 4447 330 4508 ornamento
354 4444 464 4525 capite
488 4441 625 4524 ejusdcm
647 4442 813 4517 adhibitis3
845 4443 920 4505 item
943 4442 974 4504 13
1010 4443 1088 4504 31313
1111 4460 1172 4506 333
1210 4447 1330 4524 sceptra
1353 4442 1444 4506 deau-

68 4539 144 4601 3313
164 4534 232 4612 133,
273 4551 365 4596 renum
389 4551 460 4595 cum
483 4529 644 4594 manubrio
678 4528 791 4594 hebeni
822 4533 858 4604 23
895 4532 969 4593 item
993 4529 1105 4594 diuersi
1141 4530 1262 4612 generis
1285 4531 1363 4594 telae
1386 4529 1441 4594 do·

69 4625 223 4690 mastices
248 4620 382 4685 frustula
405 4620 465 4698 203
505 4621 580 4684 item
604 4619 746 4701 cingulus
770 4618 902 4682 sericeus
926 4617 1070 4701 antiquus
1101 4619 1193 4682 rubor
1220 4624 1257 4696 l;
1288 4617 1440 4683 1313333-

66 4713 177 4780 331333
199 4709 299 4792 petiae
322 4709 362 4783 5;
400 4708 476 4772 item
501 4726 556 4790 pro
579 4707 780 4773 ceruicalibus
804 4704 931 4771 alterius
955 4706 1034 4771 telae
1068 4705 1181 4771 variati
1204 4707 1314 4772 coloris
1338 4707 1437 4789 petiae

70 4801 136 4880 15,
168 4799 253 4864 item
272 4799 359 4863 33133
381 4797 492 4862 cistam
526 4797 621 4880 gladii
654 4794 775 4878 antiqui
805 4793 946 4859 deaurati
966 4794 1004 4877 23
1039 4795 1115 4863 item
1152 4795 1258 4862 133333
1291 4797 1440 4882 argentea
