3286 5260
1355 313 1420 378 335

56 485 171 549 verbnm
196 485 295 570 igitur
318 503 423 551 eornm
440 484 518 550 mihi
541 486 590 550 est
612 485 744 551 caesaris
759 485 903 562 verbnm;
928 485 1077 569 obligatio
1103 487 1220 570 pariter
1245 508 1297 569 per
1322 491 1416 554 obar-

1 645 2 652 ,
57 575 110 636 tam
133 573 276 638 biancam
299 574 408 639 mutua
430 574 479 638 est
501 573 533 637 et
555 575 728 656 reciproca;
752 576 790 640 ad
813 576 885 658 quid
908 574 986 640 alias
1002 593 1107 640 caesar
1131 576 1185 639 illa
1213 581 1328 659 puncta
1352 579 1417 642 sola

1 668 2 707 ἐ
57 664 83 723 et
101 679 160 724 nou
184 661 248 725 alia
267 661 395 726 inscribi
418 661 580 727 mandaret
610 663 718 727 charta
753 663 891 740 bianeba,
918 661 975 727 nisi
1012 681 1081 726 eum
1115 664 1230 728 eisdem
1254 667 1418 730 contentus

55 765 112 811 esse
136 749 256 814 vellet?
280 749 397 832 Aquila
420 766 563 814 caesarea
576 769 634 814 nou
651 750 734 832 capit
747 763 877 826 muscas,
895 751 1021 833 augusti
1037 750 1120 832 regis
1137 753 1263 815 verbnm
1289 756 1419 834 auguste

55 835 261 918 ampliandum
283 839 316 902 et
339 834 552 902 favorabiliter
575 837 774 921 glossandum
800 841 857 917 est,
881 855 942 902 non
964 840 1002 902 ad
1028 839 1241 903 subtilitatum
1258 841 1419 922 angustias

56 924 280 989 conctrmdum.

148 1013 277 1078 Praeter
291 1013 349 1078 hoc
365 1013 537 1078 consideret
559 1013 802 1078 clementissime
838 1016 940 1080 vestra
963 1031 1106 1078 caesarea
1138 1013 1266 1093 Mattas,
1296 1016 1418 1097 partem

55 1116 190 1181 magnam
208 1100 346 1176 illorum,
364 1102 415 1184 qui
439 1101 643 1165 hostilitatem
668 1106 879 1174 exercuerunt,
895 1119 982 1167 arma
1005 1105 1114 1167 contra
1130 1105 1260 1166 mattem
1279 1106 1413 1166 vestram

56 1203 224 1252 caesaream
249 1189 490 1271 assumpserunt,
515 1190 547 1254 el
571 1207 630 1253 uon
653 1188 712 1255 bac
736 1191 802 1254 vice
832 1192 956 1255 tanturn
978 1193 1029 1254 sed
1055 1189 1160 1254 forsan
1183 1191 1321 1273 ipsorum
1353 1210 1419 1256 ma·

50 1271 135 1353 joves,
158 1277 359 1357 perdonatam
381 1276 446 1342 iam
468 1295 536 1342 esse
557 1278 590 1340 et
613 1277 806 1342 restitutam:
832 1278 909 1341 mibi
935 1295 1003 1342 vero
1027 1295 1096 1341 mea
1129 1277 1314 1356 obedientia,
1349 1297 1417 1344 mea

51 1361 232 1428 confidentia
254 1365 287 1428 in
310 1362 509 1429 clementiam
535 1361 685 1440 Caesaris,
711 1384 779 1430 mea
795 1368 827 1429 et
850 1384 978 1430 avorum
994 1365 1130 1430 fidelitas
1160 1367 1415 1431 constantissima
1496 1411 1498 1416 ·

51 1451 215 1531 reportabit
236 1452 394 1531 damnum,
419 1453 611 1534 nocebitque,
647 1455 727 1536 qnod
751 1455 789 1518 ab
812 1453 986 1519 hostilitate
1022 1453 1240 1531 abstinuerim,
1274 1453 1355 1537 quod
1378 1451 1417 1518 ad

49 1537 243 1604 clementiam
264 1540 401 1604 vestram
438 1545 597 1622 tamquam
620 1542 658 1606 ad
689 1541 823 1625 asyllum
853 1542 1049 1606 acorna-ime
1076 1541 1140 1605 illis
1164 1543 1323 1606 temeritas
1356 1561 1413 1608 sua

49 1626 76 1686 et
95 1626 276 1692 resistentia
297 1629 493 1693 commodum
517 1627 639 1707 referet,
664 1632 815 1710 eruntque
838 1628 976 1693 melioris
1000 1628 1198 1706 conditionis,
1222 1631 1302 1712 quod
1326 1630 1415 1713 pejus

48 1709 182 1780 feceriut
207 1714 318 1781 Dicam
343 1733 417 1798 ergo
440 1733 510 1780 eum
534 1717 703 1800 Penelope:
739 1717 851 1782 Diruta
874 1720 946 1780 sunt
968 1716 1050 1795 aliis,
1076 1716 1154 1781 mibi
1175 1717 1233 1782 soli
1263 1718 1417 1802 Pergama

49 1803 176 1867 restant.

148 1888 330 1954 Consideret
353 1892 449 1956 etiam
473 1891 695 1976 benignissime
728 1895 832 1957 vestra
855 1892 1003 1958 Maiestas
1025 1889 1185 1968 Caesarea,
1221 1891 1303 1975 quod
1325 1911 1415 1958 nemo

46 1977 142 2056 possit
164 1977 282 2060 duplici
306 1997 403 2061 poena
426 1980 539 2062 puniri.
564 1979 630 2063 Ego
668 1982 772 2044 autern
796 1981 844 2045 tot
880 1982 1041 2062 talemque
1076 1981 1187 2061 patior,
1213 1981 1310 2044 morte
1344 1981 1412 2062 ipsa

46 2063 225 2148 mihilonge
248 2066 411 2148 graviores,
432 2067 464 2130 in
488 2066 610 2147 honore,
636 2066 728 2144 larua,
752 2066 950 2150 supellectili,
970 2066 1068 2146 bonis,
1087 2067 1240 2144 libertate,
1262 2071 1415 2151 proscrip-

46 2151 124 2216 tione
148 2154 180 2217 et
203 2153 396 2234 captivitate,
420 2173 512 2238 quam
534 2155 601 2234 jam
625 2157 710 2219 serto
734 2174 839 2219 mense
852 2155 949 2219 tolero
967 2156 1033 2218 sine
1057 2172 1184 2236 prorsus
1204 2154 1268 2220 ullo
1292 2155 1412 2235 solatio,

45 2241 157 2322 absque
180 2259 226 2318 eo,
244 2240 326 2322 quod
343 2242 461 2324 possim
478 2262 561 2307 meas
578 2245 713 2310 rationes
731 2248 851 2307 vestrae
867 2241 1029 2306 Maiestati
1045 2261 1221 2324 proponere,
1238 2245 1293 2307 aut
1315 2244 1415 2308 ullum

47 2326 145 2390 virum
167 2328 353 2411 prudentem
376 2329 536 2395 consulere
560 2331 597 2395 de
618 2333 704 2396 statu
738 2349 877 2395 mearum
913 2349 1036 2406 rerum;
1062 2333 1093 2392 et
1116 2348 1175 2394 uon
1210 2348 1265 2413 ego
1289 2333 1414 2396 tautum

46 2417 155 2494 patior,
179 2415 234 2481 sed
260 2418 292 2481 ot
314 2419 380 2483 tota
399 2417 522 2484 familia
546 2437 614 2484 mea
638 2422 669 2482 et
693 2421 783 2483 binae
806 2417 1077 2483 innocentissimae
1099 2417 1216 2499 proles:
1241 2418 1333 2496 lilius,
1359 2420 1410 2501 qui

43 2501 76 2564 ob
89 2503 330 2568 teneritudinem
342 2506 390 2569 sui
402 2505 531 2572 affectus
548 2525 620 2590 erga
636 2505 832 2572 Maiestatem
849 2509 985 2570 vestram
1001 2504 1183 2570 Caesaream
1197 2509 1413 2588 praesumptos

43 2607 179 2656 rumores
203 2591 382 2671 audivisset,
407 2595 543 2675 praemio
568 2593 750 2678 dignissimo
786 2595 876 2673 esset,
903 2595 934 2658 iu
966 2592 1147 2676 captivitate
1184 2593 1234 2658 hio
1266 2593 1413 2672 silvescit,

44 2678 189 2762 torpescit
213 2679 245 2743 et
266 2679 416 2758 hebescit,
441 2683 474 2746 et
495 2700 514 2746 a
538 2683 587 2748 via
611 2684 762 2746 virtutum
782 2682 961 2766 impeditus,
985 2683 1051 2746 siue
1077 2681 1141 2744 nlla
1175 2682 1293 2746 ratione
1318 2681 1412 2746 etiam

43 2769 142 2831 status
165 2771 220 2832 ant
244 2769 404 2832 commodo
429 2770 524 2835 etiam
549 2771 665 2834 vestrae
689 2769 865 2834 Maiestatis
888 2768 1078 2843 Caesaream
1101 2769 1127 2832 si
1151 2767 1181 2832 id
1206 2771 1288 2833 enim
1317 2769 1354 2834 fit
1375 2769 1413 2834 ob

43 2854 189 2936 majorem
215 2855 423 2936 securitatem,
447 2859 534 2922 salva
557 2859 616 2922 bac
639 2861 745 2941 posset
767 2857 853 2922 filius
878 2857 990 2922 babere
1010 2875 1169 2922 accessum
1193 2858 1415 2940 magistrorum

43 2943 73 3005 et
94 2941 329 3021 instructorum,
354 2943 466 3010 saltem
490 2947 555 3010 suis
579 2946 709 3032 propriis
733 2945 883 3028 expensis.
897 2945 1039 3009 Patimur
1061 2944 1174 3024 etiam,
1192 2947 1227 3008 ut
1250 2962 1306 3027 ego
1328 2950 1413 3028 puto,

42 3033 145 3094 contra
160 3031 247 3114 leges
263 3042 295 3094 et
307 3032 378 3115 jura
393 3033 489 3115 regni,
508 3035 624 3114 patriae
646 3037 778 3112 nostrae,
804 3052 822 3097 a
846 3032 1013 3098 Maiestate
1030 3034 1134 3097 vestra
1150 3050 1293 3097 caesarea
1309 3037 1414 3098 sencte

42 3115 231 3197 confirmata,
257 3137 333 3201 qnae
363 3123 515 3198 statuunt,
546 3125 581 3186 ut
604 3138 693 3185 nemo
723 3122 904 3203 captivetur,
941 3121 1057 3185 nullius
1096 3121 1174 3184 bona
1197 3121 1412 3200 confiscentur,

43 3204 128 3270 nulla
150 3205 284 3289 deniqne
304 3209 440 3274 executio
462 3209 528 3286 fiat,
554 3209 640 3274 nulla
663 3227 760 3292 poena
785 3208 952 3292 infligatur,
980 3209 1040 3273 nisi
1063 3208 1205 3290 legitime
1243 3210 1358 3273 citatus
1381 3212 1413 3272 et

40 3290 230 3372 judicialiter
250 3296 468 3360 condemnatus
492 3297 544 3376 sit,
569 3297 683 3362 auditis
715 3298 779 3361 suis
814 3297 990 3362 rationibus
1014 3299 1046 3360 et
1069 3294 1307 3360 defensionibus.
1343 3295 1413 3360 Sta·

41 3383 133 3445 tnnnt
157 3384 319 3464 praeterea
342 3385 466 3448 eaedem
491 3383 586 3468 leges,
623 3387 660 3450 ut
679 3381 763 3450 filius
787 3403 848 3449 uon
871 3386 974 3467 portet
1003 3384 1198 3467 iniquitatem
1236 3383 1344 3464 patrie,
1378 3385 1414 3448 ut

40 3465 162 3533 familia
184 3487 245 3533 non
269 3471 406 3552 privetur
429 3472 523 3536 avitis
547 3472 634 3537 bouis
659 3475 691 3537 et
713 3473 958 3556 possessionibus
982 3471 1020 3538 ob
1045 3469 1195 3535 delictum
1217 3472 1316 3535 nnius.
1350 3470 1412 3536 Nos

41 3557 144 3622 omnia
166 3558 321 3624 contraria
344 3559 493 3625 hactenns
513 3561 629 3644 experti
662 3579 790 3638 snmus;
814 3561 846 3625 et
876 3560 1037 3624 nobiscum
1073 3558 1220 3640 incipitur
1242 3560 1280 3622 ab
1304 3576 1413 3624 execu-

40 3643 135 3723 tione,
160 3645 378 3712 confiscatione
401 3649 461 3713 ete.
494 3648 545 3713 Sic
570 3650 664 3731 leges,
688 3667 766 3732 qnae
790 3647 973 3732 profuerunt
997 3665 1119 3728 semper
1142 3646 1223 3726 aliis,
1248 3646 1286 3711 iis
1310 3646 1412 3713 favere

41 3734 175 3810 cessant,
199 3733 256 3816 qui
277 3733 481 3801 diuturnitate
517 3737 586 3801 fidei
611 3740 643 3800 et
676 3737 874 3801 servitiorum
907 3735 1096 3818 superiorem
1129 3732 1246 3798 habeut
1280 3735 1411 3813 nullum,

38 3823 93 3884 aut
116 3824 202 3885 certe
227 3839 339 3904 pancos
362 3842 462 3907 pares.
487 3824 640 3907 Diguetur
663 3823 814 3888 Maiestas
838 3822 1115 3908 vestradaesarea
1139 3823 1273 3905 gratiose
1307 3841 1340 3887 se
1364 3842 1412 3886 re·

39 3905 175 3986 flectere,
199 3910 280 3991 qnod
304 3928 360 3975 nos
383 3913 420 3976 ad
442 3911 526 3995 leges
547 3912 722 3994 imperiales
745 3915 800 3978 aut
823 3912 955 3977 aliarum
976 3910 1203 3993 provinciarum
1221 3929 1280 3975 nou
1303 3913 1409 3974 tenea·

38 4014 126 4072 mnr;
159 3996 274 4062 Vestra
314 3997 464 4065 Maiestas
495 3997 643 4066 Caesarea
679 4004 783 4066 autern
829 4001 866 4065 ad
897 3999 1068 4083 Ungericas
1100 4017 1132 4063 se
1165 3997 1409 4063 clementissime

39 4083 202 4170 obligavit.

147 4173 207 4237 His
231 4175 337 4240 tamen
360 4174 503 4241 omnibus
526 4174 755 4258 praetermissis
794 4176 834 4240 ad
856 4175 1054 4240 clementiam
1078 4173 1275 4241 Austriacam
1299 4173 1410 4256 apello.

40 4262 162 4327 Demus
182 4262 296 4328 Vestra
330 4281 403 4328 cum
440 4262 606 4329 clementia
638 4264 707 4328 orte
736 4263 793 4343 est,
824 4261 989 4329 clementia
1020 4263 1118 4328 crevit
1151 4264 1183 4327 et
1212 4261 1348 4327 adolevit
1380 4265 1412 4325 et

39 4368 102 4414 non
123 4350 188 4416 nisi
212 4351 348 4417 extincte
371 4349 546 4417 Clementia
570 4353 650 4416 mori
672 4351 726 4416 aut
748 4351 888 4435 extingui
911 4349 1034 4434 poterit.
1058 4351 1094 4415 In
1120 4350 1195 4415 totis
1231 4348 1411 4414 Austriaco-

38 4457 110 4503 rum
134 4437 302 4504 annalibus
325 4439 501 4522 exemplum
525 4439 575 4505 vel
598 4439 724 4505 unicum
747 4457 806 4504 nou
840 4441 935 4517 extat,
971 4438 1050 4522 quod
1085 4438 1204 4520 primus
1240 4439 1346 4520 lapsus
1370 4433 1411 4522 (si

38 4528 84 4592 ita
108 4525 211 4610 lubet)
234 4526 372 4593 familiae
396 4528 474 4593 bene
497 4527 636 4607 meritae,
661 4546 737 4610 quae
763 4547 818 4611 pro
833 4527 1008 4592 Austriacis
1030 4524 1153 4591 tamdiu
1169 4525 1411 4608 vigilantissime

38 4614 217 4695 excubavit,
241 4616 422 4700 sanguinem
447 4634 537 4680 suum
573 4614 722 4698 prodegit,
747 4633 802 4698 pro
825 4616 869 4680 eis
897 4613 1015 4692 effudit,
1040 4613 1192 4696 stupenda
1214 4632 1269 4697 pro
1293 4614 1332 4679 iis
1354 4633 1411 4698 pa-

36 4705 147 4784 travit,
170 4706 345 4770 monstrum
367 4703 442 4770 fidei
464 4705 497 4768 et
518 4702 710 4770 constantiae
744 4721 818 4788 erge
850 4701 1034 4768 Austriacos
1069 4701 1150 4768 inter
1180 4701 1227 4766 tot
1256 4702 1407 4784 procellas
