3246 5266
223 385 289 452 402

221 561 367 628 timorem
388 558 548 635 incutiam,
572 577 629 624 non
654 559 759 624 tamen
781 559 812 624 in
835 562 901 625 tam
922 561 1048 625 ultimos
1073 562 1105 626 et
1128 560 1249 625 insanos
1280 559 1428 625 terminos
1457 559 1565 636 deveni,
1611 585 1612 594 2

221 650 368 716 nimirum
391 650 427 715 nt
448 668 465 714 a
488 648 613 713 seruitio
635 644 714 712 Suae
737 646 926 730 Maiestatis,
945 649 1075 713 desistat
1105 651 1137 713 et
1159 648 1318 714 ciuitatem
1342 649 1454 724 tradat
1479 649 1513 711 de
1526 649 1568 712 his

223 739 370 804 minimus
392 754 493 803 sermo
517 735 592 801 mihi
615 735 683 812 fuit,
707 737 769 801 imo
792 755 913 820 semper
935 757 984 800 me
1015 738 1158 801 resistere
1188 736 1297 802 l'nrcis
1328 737 1456 815 asserui,
1493 737 1518 799 si
1551 753 1567 798 a

223 826 286 892 Sua
310 827 474 892 Maiestate
497 843 557 889 non
580 823 784 906 derelinquar.
808 825 893 891 Haec
911 824 1037 890 fuerunt
1060 843 1145 891 meae
1168 825 1341 890 locutiones
1375 843 1489 896 omnes,
1521 842 1570 887 nec

223 916 343 1000 plures,
367 915 394 980 si
418 914 629 996 Frangipanns
652 912 715 976 alia
733 930 802 978 cnm
826 912 879 978 illo
914 913 1071 992 tractavit,
1101 914 1163 978 alia
1197 913 1319 978 locutus
1354 915 1412 991 est,
1443 912 1480 977 de
1513 911 1569 975 illis

224 1004 358 1070 rodenda
379 1001 459 1067 ratio
482 1001 557 1066 mihi
581 1018 640 1064 non
664 1001 720 1064 est.

328 1091 394 1156 Nec
417 1091 449 1155 in
474 1089 601 1153 minimo
624 1088 740 1153 limites
764 1088 828 1152 veri
851 1086 1017 1154 Christiani
1052 1090 1084 1153 et
1107 1088 1207 1154 fidelis
1230 1088 1308 1155 Suae
1338 1087 1496 1154 Maiestati
1526 1105 1571 1152 ra·

225 1180 296 1246 salli
320 1179 444 1244 excessi.
469 1177 513 1242 Eo
536 1177 673 1257 tempore
697 1176 767 1241 misi
791 1174 946 1241 Oanisiam
969 1195 1003 1242 eo
1031 1175 1091 1241 line
1120 1179 1157 1242 ut
1186 1180 1334 1242 terrorem
1370 1177 1499 1240 aemulis
1531 1179 1571 1238 in·

118 1307 120 1314 ·
223 1268 349 1344 cutiam,
374 1266 441 1331 ideo
464 1268 570 1347 pontes
592 1264 737 1330 fabricari
760 1264 977 1342 demonstravi,
1005 1267 1098 1329 utne
1122 1265 1226 1330 videar
1252 1265 1427 1330 Turearum
1444 1263 1571 1328 amicitia

224 1357 310 1422 abuti
344 1357 376 1419 et
398 1353 438 1418 ad
462 1358 583 1435 tempus
606 1351 786 1426 fomentare,
811 1353 901 1436 idque
924 1353 955 1417 in
979 1353 1173 1418 commodum
1196 1353 1275 1419 Suae
1299 1352 1482 1417 Maiestatis.
1506 1351 1571 1414 Misi

224 1444 344 1510 ultimis
367 1443 473 1507 diebus
497 1440 536 1504 ad
560 1440 734 1505 Budensem
756 1439 920 1516 Vesirinm,
944 1443 1058 1523 partim
1079 1460 1114 1504 er
1137 1442 1360 1524 desperatione,
1378 1441 1491 1523 partim
1509 1439 1570 1522 plus

226 1549 321 1616 aequo
344 1531 502 1606 adductus,
525 1528 651 1594 ethaeo
674 1528 776 1593 omnia
800 1528 930 1610 publicis
954 1529 1074 1594 actibus
1097 1527 1166 1606 leci,
1190 1531 1225 1593 nt
1255 1531 1387 1592 terream
1413 1528 1499 1593 ,mibi
1532 1529 1571 1590 in·

225 1620 336 1698 tensos,
361 1637 415 1702 per
437 1619 493 1683 hoe
517 1620 638 1698 tempus
662 1635 749 1680 meae
771 1616 1003 1697 disculpationis
1026 1616 1106 1698 apud
1130 1615 1226 1681 Suam
1261 1617 1460 1682 Maiestatem
1496 1617 1572 1679 inue-

226 1708 291 1772 nire
314 1705 501 1791 potuissem:
525 1723 631 1771 verum
655 1704 686 1768 in
710 1703 765 1768 illa
788 1703 855 1786 ipsa
878 1705 1082 1770 commotione
1104 1705 1210 1783 animi,
1235 1704 1266 1768 in
1290 1705 1345 1768 illa
1367 1706 1474 1768 eadem
1497 1720 1572 1766 reso-

225 1796 354 1874 lutione,
377 1795 505 1860 verendo
528 1812 565 1856 ne
587 1792 708 1874 aliquod
732 1791 903 1856 insanabile
928 1793 1042 1857 malum
1066 1793 1195 1869 eueniat,
1232 1793 1334 1856 reflexi
1371 1811 1421 1856 me
1455 1792 1486 1855 in
1520 1791 1573 1854 Do·

227 1883 303 1948 mini
336 1883 395 1949 mei
430 1880 638 1957 elementiam,
663 1879 847 1962 legationem
885 1881 1063 1958 annullari,
1097 1899 1205 1962 meque
1241 1880 1468 1946 misericordiae
1503 1877 1573 1943 Suae

227 1971 404 2036 Maiestatis
427 1969 619 2034 committere
641 1967 772 2047 decrevi,
797 1967 843 2032 nti
866 1973 898 2033 et
922 1987 1009 2049 opere
1033 1985 1101 2032 meo
1121 1969 1317 2052 conprobaui.

330 2059 519 2124 Thomam
544 2057 823 2122 Seouerouioh
847 2055 990 2122 mandavi
1012 2056 1043 2120 in
1074 2055 1219 2122 [Porciam
1251 2057 1368 2122 nullam
1404 2056 1510 2121 alliam
1541 2055 1574 2119 ob
1611 2091 1612 2104 κ

227 2165 361 2226 cansam,
386 2164 476 2230 quam
501 2145 580 2228 qnod
604 2143 745 2220 nesciam,
778 2143 831 2208 ubi
865 2143 1063 2208 Bukovachli
1097 2145 1184 2209 tanto
1217 2151 1353 2227 tempore
1391 2146 1574 2216 detineatm;

226 2235 318 2300 timni
341 2235 455 2300 etenim
479 2233 615 2298 iraudem
639 2233 762 2296 subesse
779 2231 951 2296 Turoieam.
977 2231 1043 2297 Hae
1071 2232 1213 2309 rationes,
1230 2233 1287 2298 bae
1313 2251 1423 2298 causae
1449 2233 1574 2310 fuerunt,

227 2341 282 2388 cnr
303 2323 438 2389 internos
462 2319 559 2385 animi
582 2320 642 2383 mei
665 2337 772 2384 sensns
796 2321 894 2384 celare
918 2320 1010 2398 uolui,
1034 2320 1113 2404 qnod
1143 2321 1266 2386 omnino
1297 2321 1574 2386 necessarissimnm

227 2409 333 2488 fnisse,
357 2412 486 2494 quisque
510 2408 645 2472 iudicare
669 2409 781 2490 potest,

331 2499 452 2564 Liberae
475 2515 551 2581 qnae
573 2497 689 2578 absque
713 2513 780 2560 meo
803 2496 893 2572 scito,
917 2495 1032 2579 absque
1056 2514 1123 2561 meo
1147 2496 1331 2573 charactere,
1369 2497 1485 2579 absque
1516 2512 1576 2559 meo

227 2587 331 2672 sigillo
349 2588 513 2652 mandatae
536 2585 610 2648 eunt
632 2585 744 2648 Passae
767 2583 953 2660 Bossniensi,
975 2585 1157 2667 respondeat
1179 2585 1216 2648 de
1240 2585 1313 2664 illis,
1344 2587 1396 2666 qui
1425 2605 1476 2649 eas
1510 2603 1577 2647 con·

226 2676 349 2760 posuit,
385 2674 437 2759 qui
474 2691 524 2739 eas
567 2673 760 2747 amandavit;
803 2671 922 2736 licitum
963 2675 1011 2738 est
1049 2673 1157 2756 cuique
1199 2671 1330 2737 formare
1370 2673 1477 2738 literas
1519 2674 1577 2736 sine

226 2764 307 2830 scitu
331 2782 407 2828 meo.
1611 2775 1612 2780 ¹

330 2851 476 2916 Patentes
511 2846 705 2931 episcopo
726 2845 998 2912 Valaehorum
1031 2849 1144 2913 missas
1172 2847 1262 2931 plane
1294 2851 1431 2915 extortae
1461 2851 1535 2914 sunt
1563 2867 1577 2910 a

225 2959 284 3020 me,
309 2959 364 3004 nee
388 2956 444 3022 ego
468 2955 519 3002 eas
542 2937 696 3017 conposui,
721 2955 777 2999 nec
800 2935 886 3011 sciui,
909 2939 1001 3019 prout
1023 2955 1126 3000 revera
1149 2956 1204 3001 nec
1228 2941 1300 3014 scio,
1317 2939 1389 3021 qnid
1407 2937 1466 3001 init
1482 2938 1576 3010 intns;

225 3048 331 3096 verum
353 3029 410 3104 est,
434 3043 538 3091 meum
556 3043 675 3100 nomen,
690 3023 829 3107 sigillum
851 3042 944 3106 supra
966 3023 1071 3101 fnisse,
1097 3043 1151 3090 uec
1177 3043 1228 3105 per
1244 3044 1328 3089 meos
1346 3026 1486 3089 homines
1502 3027 1577 3088 dicto

225 3117 369 3202 episcopo
401 3116 531 3187 missae;
556 3112 582 3175 si
607 3115 671 3176 tarn
694 3131 784 3176 serus
808 3128 893 3175 amor
918 3112 997 3178 Suae
1029 3113 1203 3178 Maiestatis
1240 3114 1385 3195 quosdam
1421 3116 1513 3188 ussit,
1546 3114 1577 3176 ad

226 3205 301 3290 qnid
337 3223 426 3268 ame
448 3205 512 3265 tam
537 3199 624 3265 anxie
648 3199 877 3264 sollicitarunt?
902 3219 956 3264 cnr
981 3219 1032 3280 per
1056 3203 1184 3265 eundem
1217 3200 1455 3266 Franciscanum
1492 3202 1578 3264 mise

132 3312 135 3321 ·
227 3295 322 3359 runt?
345 3309 401 3356 nec
424 3291 515 3354 antea
547 3305 604 3371 ego
639 3306 708 3352 eum
742 3286 896 3352 nominato
931 3288 1072 3352 Gabriele
1107 3289 1308 3353 Franciscauo
1343 3291 1463 3354 locutus
1499 3308 1579 3364 snm,-

226 3383 302 3448 haea
325 3381 388 3444 iam
412 3378 516 3442 omnia
537 3376 569 3440 in
594 3394 642 3439 me
665 3374 802 3439 derivare
826 3379 983 3456 conantur,
1007 3381 1039 3440 et
1062 3377 1143 3441 Deus
1167 3378 1234 3452 scit,
1264 3397 1356 3460 quum
1391 3379 1507 3442 invitus
1538 3377 1553 3438 l
1565 3410 1576 3421 ·
1611 3433 1612 3446 ,

227 3470 338 3541 cerium
361 3469 485 3550 propter
509 3463 641 3528 rationes
664 3465 879 3528 antecedenter
896 3463 1003 3540 dictas,
1026 3465 1116 3528 debui
1140 3464 1250 3546 facere.
1275 3464 1340 3530 Nec
1363 3469 1515 3531 tamenin
1535 3467 1575 3527 bis

227 3557 341 3639 aliquid
366 3553 493 3637 periculi
517 3571 581 3615 esse
605 3550 678 3628 uidi,
703 3569 757 3614 nee
779 3551 861 3616 enim
888 3553 994 3616 modus
1019 3571 1073 3617 nec
1104 3553 1202 3622 forma
1235 3552 1295 3618 init
1331 3557 1461 3619 alieuius
1500 3552 1577 3624 mali,
1611 3601 1612 3610 ,

228 3645 305 3710 nibil
329 3644 409 3706 enim
434 3661 487 3725 per
512 3660 544 3704 se
567 3639 666 3703 iacere
699 3640 952 3720 preesumebant;
987 3642 1055 3705 novi
1091 3661 1156 3706 esse
1190 3641 1308 3706 dietum
1343 3643 1577 3708 Franciscannm

227 3732 472 3798 inimicissimum
504 3727 643 3811 episeopo
668 3725 873 3791 Valaehorum
896 3731 1017 3809 propter
1039 3731 1139 3793 certas
1156 3730 1298 3812 privatas
1322 3731 1446 3795 illorum
1463 3749 1574 3805 causas,

226 3822 305 3887 unde
330 3819 455 3883 minime
478 3816 570 3882 iidem
592 3813 731 3879 adhiberi
755 3815 801 3878 illi
827 3817 901 3879 bene
936 3819 1024 3893 noui;
1049 3817 1109 3880 alia
1132 3837 1167 3881 ex
1192 3821 1277 3900 parte
1308 3817 1388 3883 elam
1428 3817 1575 3883 contraria

226 3907 376 3984 nunciavi,
401 3904 563 3988 primarios
587 3902 709 3968 illorum
733 3904 871 3967 stabiliri
894 3903 924 3967 in
948 3905 1097 3970 fidelitate
1138 3907 1218 3971 Suae
1252 3906 1436 3987 Maiestatis,
1473 3925 1574 3988 meque

227 3997 321 4064 simul
344 4014 413 4060 enm
447 3993 510 4058 illis
532 4010 594 4074 ‘pro
629 3989 802 4055 defensione
837 3989 1080 4058 Christianitatis
1117 3997 1199 4058 stare
1233 3996 1405 4074 declaravi,
1440 3997 1472 4058 et
1507 3996 1575 4058 baec

228 4086 336 4152 eadem
361 4081 576 4147 antecedenter
598 4079 631 4144 in
656 4080 779 4161 seriptis
812 4081 1030 4157 demonstravi,
1054 4099 1132 4164 quae
1153 4082 1230 4146 viris
1250 4083 1382 4148 testibus
1413 4085 1576 4165 approbare

252 4192 366 4239 ossum.

231 4195 250 4259 p
334 4258 512 4342 Ungaris
536 4255 687 4335 scripsi
718 4253 794 4330 ideo,
820 4257 854 4320 ut
876 4255 1044 4338 periculum
1068 4278 1082 4321 a
1109 4277 1157 4322 me
1181 4259 1320 4322 evitetur.
1351 4259 1395 4322 Ex
1421 4259 1485 4324 illis
1508 4260 1578 4342 ipsis

229 4349 362 4432 Ungaris
384 4347 538 4428 conceptis
561 4344 659 4406 literis
677 4345 811 4424 apparet¹
837 4343 963 4410 minime
998 4346 1253 4426 praemeditatam
1295 4365 1348 4411 seu
1383 4348 1579 4413 deliberatam

229 4437 428 4503 rebellionem
464 4453 512 4498 me
547 4437 710 4513 sequutum
733 4429 843 4505 saissa
868 4450 946 4496 anne
969 4433 1007 4497 ad
1032 4453 1114 4498 meas
1136 4437 1308 4499 seartbecae
1332 4439 1396 4499 mm
1416 4435 1577 4518 inopinate,

229 4529 386 4608 insurgere
409 4521 603 4605 potuissent?
624 4537 700 4584 anne
725 4521 881 4600 praeterea
905 4521 1055 4586 milliones
1079 4523 1208 4605 argenti,
1227 4525 1292 4588 tam
1308 4523 1367 4588 leri
1383 4523 1578 4589 charactere?
1611 4597 1612 4610 χ

232 4614 445 4680 exbursantur.

239 4727 245 4738 ·
336 4699 388 4763 llli
411 4714 516 4761 omnes
540 4714 575 4760 er
600 4712 668 4758 vero
690 4693 844 4777 genimine
870 4695 1051 4776 rebellium,
1074 4697 1126 4781 qui
1161 4701 1233 4764 actu
1270 4699 1302 4764 et
1333 4700 1431 4764 armis
1461 4696 1579 4764 demon-

232 4790 370 4856 stramnt
391 4802 481 4849 suam
505 4782 740 4862 infidelitatem,
765 4783 898 4864 gratiam
920 4787 1162 4867 promeruerunt,
1186 4789 1237 4852 ast
1258 4785 1335 4852 mihi
1358 4805 1429 4852 mea
1451 4788 1578 4853 fidelitas
1611 4781 1612 4812 ¹
