3300 5248
249 394 309 460 138

250 570 462 636 assecuratam
485 572 622 636 reddere.
646 568 838 652 Quapropter
861 568 1029 634 fidelitates
1054 569 1173 634 vestras
1195 569 1305 634 barum
1329 567 1408 632 serie
1432 566 1607 643 clementer,

247 661 436 742 paterneque
468 658 631 723 hortamur
663 659 695 722 et
729 675 898 735 munemne,
935 660 1088 740 quatenus
1123 656 1267 739 deinceps
1297 673 1427 738 quoque,
1460 672 1608 718 memores

247 746 349 812 aritae
372 745 442 811 fidei
475 765 510 810 ac
543 744 743 829 integritatis,
778 763 899 810 omnem
935 747 1053 809 metum
1087 745 1290 826 postponatis,
1322 743 1454 825 sortique
1488 744 1522 806 et
1544 760 1608 805 cou-

248 834 345 898 stanti
372 833 442 898 sitis
465 834 578 910 animo,
603 851 658 897 neo
689 851 749 896 nun
779 833 946 915 quidquam
976 832 1013 895 de
1046 835 1174 914 paterna
1209 832 1314 896 nostra
1338 849 1410 895 eura
1441 829 1476 893 et
1501 828 1608 892 solliei-

250 921 355 986 tudine
388 921 552 997 dubitetis3
591 921 686 985 immo
717 922 859 1001 coeptum
895 923 1030 984 uestrum
1066 919 1106 982 ad
1141 938 1195 983 nos
1229 937 1390 984 recursum
1425 916 1608 981 confidenter

249 1008 472 1087 continuantes,
509 1009 612 1073 omnia
645 1025 790 1090 prospera
820 1008 857 1072 de
890 1007 1044 1072 communi
1080 1007 1255 1071 defensione
1285 1008 1317 1070 et
1346 1004 1480 1070 feliciori
1504 1005 1608 1070 horum

248 1115 412 1180 regnorum
438 1098 612 1162 nostrorum
638 1097 721 1160 statu
745 1095 875 1160 firmiter
898 1095 1038 1175 speretis,
1073 1097 1156 1158 certo
1181 1096 1267 1160 robis
1302 1091 1534 1176 persuadentes,
1559 1110 1608 1155 nos

246 1184 325 1248 nihil
348 1203 462 1261 eurum,
489 1202 565 1267 quae
588 1185 626 1248 ad
649 1183 824 1248 ulteriorem
860 1201 979 1265 quoque
1013 1183 1198 1248 clementem
1222 1179 1490 1266 gubernationem,
1517 1177 1608 1244 soler-

246 1275 310 1336 tem
335 1272 540 1354 provisionem
561 1273 592 1335 et
614 1270 796 1353 diligentem
813 1269 940 1352 patriae,
965 1271 1163 1352 vestrumque
1190 1271 1328 1334 omnium
1345 1267 1607 1332 conservationem

243 1361 401 1442 spectant,
438 1357 690 1433 intermissuros;
727 1358 984 1441 quemadmodum
1020 1359 1081 1422 iam
1114 1358 1210 1422 etiam
1247 1355 1435 1422 necessarias
1472 1375 1545 1420 eum
1579 1355 1607 1417 in

249 1448 344 1512 finem
366 1446 506 1522 fecimus,
538 1446 709 1529 factorique
744 1465 851 1510 sumus
881 1445 1107 1527 dispositiones.
1133 1445 1262 1510 Interim
1287 1445 1392 1509 autem
1416 1443 1497 1507 nulli
1522 1442 1607 1506 dubi·

247 1538 361 1610 tamus,
398 1534 470 1615 quin
501 1536 604 1599 mutus
627 1534 659 1598 hi
682 1532 851 1598 turbulenti
885 1533 1102 1616 placidioribus
1136 1532 1235 1598 modis
1268 1535 1300 1597 et
1323 1530 1432 1595 mediis
1456 1531 1607 1612 componi,

246 1621 460 1704 consopirique
484 1621 603 1704 possint
627 1638 662 1685 ac
685 1622 819 1685 valeant.
856 1622 902 1685 De
933 1624 1052 1686 caetero
1082 1620 1288 1686 fidelitatibus
1321 1619 1432 1684 restris
1454 1619 1562 1700 gratia
1580 1617 1609 1682 et

251 1709 443 1792 benignitate
466 1711 571 1774 nostra
589 1708 675 1792 regia
698 1727 734 1774 ac
757 1727 898 1774 caesarea
921 1709 1033 1792 iugiter
1057 1710 1199 1792 propensi
1223 1725 1395 1772 manemus.
1433 1707 1554 1771 Datum
1577 1706 1607 1768 iu

245 1795 371 1863 civitate
395 1800 500 1862 nostra
523 1797 642 1862 Vienna
667 1796 716 1862 die
740 1797 760 1860 2
783 1796 899 1862 mensis
922 1796 1030 1880 aprilis
1053 1815 1080 1862 a.
1105 1797 1134 1861 d.
1166 1795 1259 1860 1670.

349 1884 491 1948 Proditus
519 1887 604 1962 odpa's
625 1905 647 1947 u
668 1889 777 1948 sabura
800 1888 856 1947 dne
881 1891 923 1947 17
944 1889 1065 1962 trevario
1089 1889 1183 1950 1670.
1208 1887 1315 1962 Media
1336 1885 1517 1946 suborstime'
1538 1883 1609 1958 sper

244 1994 265 2037 a
287 1993 356 2037 aem.
379 1976 487 2037 urhiec
508 1976 686 2036 hroutstom.

881 2157 971 2232 212.

248 2276 342 2346 1670,
366 2277 386 2334 3
405 2276 534 2351 tracesio,
553 2271 624 2336 Rea
649 2276 797 2350 Leopoldo
817 2277 884 2351 dqp'e
906 2276 1037 2336 stolidam
1057 2277 1070 2334 ἑ
1092 2275 1227 2335 reducum
1249 2275 1413 2335 habotehim
1436 2291 1480 2335 aa
1504 2275 1610 2347 esame

289 2363 473 2438 imeaooueqie
489 2364 631 2424 Martiae
646 2364 841 2426 Bortocidai
861 2383 906 2440 pr.
929 2365 1035 2425 Nitotc
1057 2363 1196 2423 Erdddia
1216 2379 1254 2424 nc
1275 2363 1457 2436 paoremeae
1480 2363 1567 2423 bane.

349 2483 520 2567 leopoldus
555 2487 614 2550 etc.
651 2485 831 2562 Reverendi,
866 2484 1061 2550 honorabiles
1091 2485 1149 2549 etc.
1195 2482 1448 2567 Quandoquidem
1471 2483 1610 2549 officinm

248 2569 380 2636 banatus
404 2573 506 2651 certis,
530 2572 628 2655 iisque
651 2573 758 2637 arduis
781 2574 813 2638 et
837 2572 1077 2654 praegnantibus
1102 2573 1139 2636 de
1159 2572 1261 2637 causis
1284 2591 1320 2636 ac
1336 2571 1521 2650 rationibus,
1547 2571 1610 2636 ani-

249 2675 336 2722 mum
360 2661 501 2724 nostrum
526 2661 784 2740 permoventibus,
818 2659 959 2725 fidelibus
990 2659 1105 2723 nostris
1129 2660 1216 2725 nobis
1241 2660 1348 2724 itidem
1375 2658 1503 2724 dilectis
1527 2677 1611 2724 rere-

244 2747 338 2811 rendo
360 2746 497 2812 Martiuo
518 2747 700 2827 Borlovicb,
724 2749 865 2831 episcopo
890 2747 1037 2812 ecclesiae
1060 2747 1274 2830 Zagrabiensis
1298 2751 1330 2810 et
1353 2746 1533 2817 consiliario
1557 2765 1610 2810 no-

243 2835 316 2905 stro,
340 2851 396 2897 nec
421 2851 479 2896 non
504 2833 667 2915 spectabili
691 2853 726 2900 ac
749 2835 912 2918 magnifico
936 2835 1043 2899 comiti
1060 2833 1189 2900 Nicolao
1211 2834 1336 2919 Erdody
1353 2835 1390 2899 de
1405 2834 1610 2917 Monyorolre·

244 2920 307 2997 reb,
332 2919 448 2984 montis
474 2919 596 2985 Claudii
620 2923 652 2986 et
675 2923 841 2986 comitatus
870 2921 1108 2988 Varasdineneis
1139 2925 1287 3005 perpetuo
1315 2922 1430 3000 comiti,
1462 2921 1609 3003 praesidii

245 3006 345 3072 nostri
370 3007 573 3073 Petriniensis
597 3027 740 3092 supremo
764 3009 922 3092 capitaneo
946 3013 977 3074 et
1000 3011 1168 3075 camerario
1198 3010 1313 3087 nostro,
1337 3012 1500 3091 perspecta
1524 3009 1611 3074 beni·

243 3113 303 3176 gne
327 3112 363 3158 ac
389 3094 496 3159 multis
519 3096 579 3161 iam
604 3097 722 3178 pridem
753 3097 944 3181 argumentis
977 3096 1101 3180 cognita
1132 3097 1297 3162 eorundem
1322 3095 1479 3178 praeclara
1498 3099 1532 3162 in
1556 3114 1609 3161 nos

242 3181 312 3260 fide,
337 3201 500 3266 rerumque
523 3184 726 3266 gerendarum
743 3183 856 3268 peritia
879 3187 911 3249 et
933 3185 1127 3262 dexteritate,
1152 3202 1207 3267 pro
1233 3184 1357 3248 iuterim
1385 3185 1417 3248 et
1432 3184 1527 3249 modo
1544 3203 1611 3266 pro·

242 3270 354 3336 risorio
372 3272 603 3345 contulerimus,
629 3273 672 3336 ita
696 3275 800 3336 tamen
825 3274 856 3336 et
879 3293 914 3336 ea
937 3272 1108 3338 conditione
1132 3276 1166 3336 ut
1186 3271 1387 3354 ipsequidenn
1402 3272 1609 3354 episcopusin

243 3358 388 3436 iuridicis,
413 3361 514 3424 dictus
537 3379 607 3424 vero
626 3377 727 3424 comes
749 3360 779 3423 in
805 3360 1002 3438 militaribus,
1026 3359 1108 3423 idem
1133 3359 1278 3438 officium,
1303 3358 1511 3442 praemissum
1531 3360 1611 3425 intra

242 3449 375 3528 tempus,
408 3446 546 3528 plenaria
569 3465 638 3512 cnm
663 3448 851 3513 authoritate
886 3448 1113 3525 administrare,
1139 3465 1234 3529 eoque
1262 3447 1347 3530 fungi
1364 3447 1485 3530 possint
1504 3466 1542 3512 ac
1560 3467 1611 3512 ra·

241 3531 338 3597 leant.
362 3532 435 3598 Ideo
459 3532 661 3601 fidelitatibus
682 3535 794 3601 restris
820 3536 876 3601 hoc
892 3534 996 3618 ipsum
1019 3535 1200 3600 intimantes
1224 3535 1355 3618 benigne
1378 3535 1610 3600 committimus

242 3620 275 3683 et
297 3619 490 3699 mandamus,
513 3627 663 3705 quatenus
694 3623 828 3707 acceptis
850 3623 1073 3706 praesentibus,
1099 3621 1315 3705 intellectaque
1343 3622 1436 3688 hacce
1460 3621 1610 3688 clementi

242 3708 274 3770 et
302 3707 477 3773 omnimoda
512 3711 670 3778 voluntate
704 3730 738 3777 ac
773 3710 962 3776 ordinatione
988 3713 1103 3789 nostra,
1136 3709 1297 3792 quibusvis
1321 3709 1557 3776 occurrentibus
1580 3711 1611 3775 in

242 3795 374 3878 negotiis
397 3799 535 3863 restrum
569 3798 607 3863 ad
637 3801 761 3864 eosdem
794 3800 883 3863 modo
914 3799 1036 3880 praevio
1069 3816 1227 3863 recursum
1251 3797 1374 3875 babere,
1398 3797 1544 3863 debitum
1568 3799 1611 3864 eis

241 3883 527 3950 honoremsdeferre
558 3904 594 3949 ac
625 3887 777 3950 iudicatus
800 3886 923 3950 illorum
955 3886 1086 3961 adstare,
1120 3887 1151 3949 in
1187 3885 1329 3950 omnibus
1353 3883 1486 3968 donique
1511 3887 1610 3951 licitis

241 3972 272 4036 et
295 3973 449 4036 consuetis
472 3973 572 4050 rebus,
605 3973 776 4037 antelatum
808 3973 942 4038 cilicium
976 3975 1109 4038 bonatus
1136 3973 1401 4049 concernentibus
1422 3974 1555 4051 eisdem,
1580 3976 1609 4037 in

241 4057 379 4123 iuridicis
403 4058 536 4141 quidem,
573 4059 607 4122 ut
640 4061 832 4142 praetactum
868 4063 924 4139 est,
960 4061 1020 4145 ipsi
1044 4061 1194 4144 episcopo,
1230 4061 1262 4125 in
1287 4059 1474 4125 militaribus
1501 4063 1610 4125 autem

241 4147 385 4212 annotato
410 4145 525 4222 comiti,
551 4147 672 4228 tempus
704 4147 848 4212 videlicet
871 4149 1156 4231 intrapraetactum,
1192 4167 1298 4232 parere
1322 4166 1356 4214 ac
1380 4149 1610 4232 attemperare,

241 4234 337 4316 quieti
362 4234 493 4311 studere,
526 4234 716 4299 concordiam
751 4234 860 4313 colere,
896 4254 932 4300 ac
964 4237 995 4301 in
1009 4303 1011 4306 ,
1027 4237 1170 4301 iuvamen
1194 4240 1227 4302 et
1249 4237 1407 4320 publicum
1430 4237 1610 4301 communis

240 4321 357 4402 patriae
380 4321 503 4386 restrae
525 4321 649 4400 bonum,
685 4322 878 4404 exigentibus
912 4325 954 4388 ita
988 4323 1235 4404 necessitatibus,
1260 4325 1404 4389 alacriter
1426 4342 1610 4407 concurrere

241 4407 344 4473 uelitis
375 4427 410 4473 ae
441 4407 595 4482 debeatis;
628 4428 724 4492 neque
756 4429 843 4474 secus
870 4411 1014 4476 feceritis.
1039 4411 1148 4476 Gratia
1172 4416 1278 4476 nostra
1298 4429 1441 4477 caesarea
1464 4428 1498 4477 ec
1523 4413 1610 4497 regia

241 4495 326 4562 vobis
350 4495 379 4558 iu
403 4495 520 4578 reliquo
544 4495 658 4579 iugiter
669 4498 810 4579 propensi
823 4500 993 4564 manentes.
1019 4499 1133 4563 Datum
1156 4499 1333 4566 incivitate
1356 4502 1462 4564 nostra
1485 4499 1609 4568 Vienna

240 4579 290 4646 die
313 4583 405 4646 tertia
429 4584 544 4647 mensis
567 4584 673 4665 aprilis
705 4603 732 4649 a.
760 4585 788 4648 d.
814 4585 998 4651 MDCLXX.
1022 4585 1193 4669 leopoldus
1218 4607 1259 4652 m.
1284 4608 1324 4670 p,
1348 4587 1482 4652 Thomas
1506 4589 1608 4673 Palffp

240 4668 275 4734 Ε.
299 4669 405 4751 Eppus
427 4667 550 4735 Nitrien
573 4691 615 4738 m.
639 4691 668 4755 p.
691 4671 863 4754 Stephanus
886 4671 999 4738 Orban.

291 4759 321 4819 U
338 4759 446 4817 urtica
468 4777 539 4820 aem.
565 4761 643 4821 Acta
661 4781 727 4837 peu.
752 4764 834 4837 requi
861 4759 999 4838 Conpreq.
1025 4767 1118 4836 1670,
1141 4783 1189 4825 ar.
1215 4768 1242 4825 1.
1266 4765 1313 4826 δν.
1337 4767 1380 4826 br.
1407 4769 1479 4825 171.
1504 4785 1530 4827 c.
