3286 5260
244 343 307 408 338

237 517 331 585 nandi
356 518 388 581 et
411 512 598 592 destruendi,
623 514 647 576 si
673 533 804 596 possem.
842 513 1048 580 Consiliorum
1086 513 1242 597 ngariae
1272 513 1443 595 Superioris
1479 529 1539 577 nou
1566 511 1609 576 lui

239 606 366 688 conplex
388 604 443 668 ant
463 602 627 685 particeps,
654 602 728 666 licet
762 602 884 666 aliunde
919 602 1170 668 subodorauerim
1208 621 1273 666 rem
1307 602 1350 666 ibi
1382 619 1439 666 nou
1463 601 1543 664 bene
1580 603 1638 662 et¹

237 693 352 759 fidelitr
368 691 419 774 agi
436 707 489 771 pro
512 689 625 754 Vestra
640 688 791 755 Caesarea
809 690 984 768 Maiestate,
1002 691 1083 773 quod
1101 691 1203 772 ipsum
1229 691 1261 754 in
1286 689 1370 753 Aula
1386 689 1516 753 Vestrae
1542 687 1613 751 Ma·
1637 689 1638 728 ³

240 782 344 847 iestati
367 778 534 844 Caesareae
559 775 698 858 pateleoi,
731 778 785 843 sed
809 777 840 841 id
864 779 1085 860 contemptum,
1109 781 1165 842 aut
1189 795 1248 842 rron
1271 777 1435 854 creditum,
1459 778 1611 858 tanquam

241 872 267 936 si
291 869 446 952 proprium
467 865 548 929 foret
571 868 757 930 comeatum.

345 955 418 1018 Misi
437 955 466 1016 iu
489 952 636 1017 Turciam
649 954 844 1034 capitaneum
862 953 1069 1031 Bulrovachki,
1087 972 1219 1036 eumque
1235 953 1365 1032 munivi,
1381 950 1489 1026 fateor,
1510 949 1611 1013 literis

238 1041 516 1127 credentioualibus
550 1045 582 1104 et
615 1041 718 1123 sigillo
754 1058 832 1106 meo.
856 1041 902 1104 Er
926 1042 1125 1122 permissione
1149 1044 1254 1106 tamen
1278 1041 1408 1105 Vestrae
1432 1038 1610 1103 Maiestatis

240 1129 415 1206 Caesareae,
440 1147 518 1211 quae
540 1129 700 1207 concessit,
722 1131 757 1193 ιιι
780 1148 828 1193 res
851 1130 1031 1208 Turcarum,
1057 1129 1161 1194 missis
1187 1128 1450 1212 speculatoribus,
1467 1129 1613 1192 accurate
1637 1199 1638 1208 ἵ

240 1219 432 1302 specularem
467 1236 520 1280 seu
543 1216 752 1298 explorarem:
779 1235 851 1280 nam
875 1218 967 1299 paulo
991 1219 1082 1282 antea
1106 1236 1157 1298 per
1178 1216 1331 1282 Comitem
1359 1216 1481 1280 Rotttal
1507 1213 1613 1295 aperui

240 1307 368 1372 candide
380 1303 539 1370 Maiestati
552 1303 681 1368 Vestrae
693 1304 860 1369 Caesareae
880 1303 1051 1369 oblationes
1072 1307 1104 1369 et
1116 1305 1334 1387 promissiones
1350 1305 1520 1368 Turcarum
1536 1301 1613 1364 mibi

240 1395 347 1473 lactas,
365 1391 447 1476 quod
465 1391 523 1456 etsi
539 1390 704 1456 difficulter
722 1392 781 1456 fuit
796 1392 957 1468 creditum,
983 1393 1074 1472 iussit
1097 1398 1202 1456 tameo
1226 1392 1342 1456 Vestra
1367 1390 1518 1455 Maiestas
1537 1387 1613 1453 Cae-

241 1501 354 1560 eearea,
377 1483 412 1545 ιιι
434 1482 553 1544 arctam
570 1479 867 1562 correspondentiam
889 1499 960 1545 cum
977 1480 1085 1545 Turcis
1102 1499 1278 1554 servarem:
1309 1480 1380 1543 misi
1397 1497 1468 1560 ergo
1493 1478 1612 1541 dictum

242 1571 438 1653 capitaneum
469 1567 637 1631 intentione
661 1567 837 1650 explorandi
871 1569 1223 1644 molimiua'l'urcarum,
1251 1571 1281 1632 ei
1298 1566 1394 1631 simul
1418 1565 1612 1649 penetrandi,

243 1659 276 1722 in
299 1675 358 1741 quo
381 1659 465 1720 statu
487 1658 592 1718 essent
609 1673 656 1718 res
673 1657 838 1735 superioris
862 1655 1028 1738 ngariae,
1052 1657 1222 1721 intentione
1245 1656 1341 1719 etiam
1367 1653 1509 1718 rainaudi
1534 1652 1614 1715 'Pur'

243 1765 296 1810 cas
319 1748 350 1810 et
374 1741 511 1808 struendi
526 1741 570 1806 eis
587 1742 723 1820 iusidias,
749 1763 818 1808 nam
843 1743 963 1808 Taureae
978 1743 1202 1826 promisserunt
1219 1741 1431 1806 Buclrowaclro
1447 1741 1617 1825 imperium

245 1833 383 1898 militare
408 1849 500 1912 supra
523 1829 641 1912 aliquot
665 1831 751 1894 milia
774 1832 953 1908 ancarum,
978 1833 1090 1915 quibus
1113 1831 1199 1896 facili
1220 1831 1343 1912 nogotio
1378 1830 1508 1894 exitium
1542 1845 1616 1891 cau·

246 1940 366 1995 sarem;
391 1920 423 1982 in
444 1919 525 1983 hunc
560 1917 653 1982 finem
688 1919 802 1983 indulsi
826 1919 1042 1996 Buclrowacko,
1076 1920 1111 1983 ut
1144 1918 1321 1983 oculotenns
1352 1919 1505 1982 tractatus
1542 1934 1614 1979 curu

244 2010 353 2074 Turois
378 2008 479 2083 iniret,
503 2009 559 2070 ant
575 2007 678 2088 potius
694 2008 770 2070 inire
785 2007 924 2088 fingeret,
951 2009 985 2070 ut
1007 2007 1166 2071 Maiestati
1181 2007 1312 2071 Vestrae
1335 2004 1502 2070 Caesareae
1526 2005 1612 2067 clare

244 2096 499 2171 demonstrarem,
519 2094 638 2158 nullam
656 2094 840 2159 habendam.
854 2113 921 2158 esse
944 2095 1036 2159 fidem
1061 2094 1191 2158 mellitis
1214 2095 1385 2159 Turcarum
1410 2092 1523 2164 verbis,
1548 2091 1616 2172 qui·

245 2185 304 2249 bus
326 2184 440 2248 Aulam
464 2185 600 2246 vestram
617 2183 765 2258 inescant,
789 2183 821 2246 et
835 2181 917 2246 fluxa
940 2184 972 2246 et
992 2180 1098 2247 fucata
1121 2201 1188 2246 esse
1212 2199 1318 2246 eorum
1341 2181 1463 2245 foedera
1487 2181 1521 2243 et
1545 2197 1616 2260 pro-

245 2273 350 2348 missa,
374 2271 407 2335 et
429 2269 548 2334 tamdiu
572 2270 725 2347 durantia,
751 2269 847 2333 donec
867 2269 947 2332 bona
970 2273 1114 2352 suppetat
1138 2268 1274 2344 occasio;
1300 2289 1336 2333 ne
1360 2273 1465 2334 tamen
1494 2285 1531 2331 eo
1556 2265 1617 2329 loci

245 2361 411 2436 deveniret,
435 2358 514 2422 uude
537 2358 647 2440 pedem
682 2360 749 2421 tuto
783 2356 881 2422 rosere
916 2375 976 2421 nou
1011 2359 1129 2434 liceret,
1165 2359 1255 2422 caute
1291 2356 1390 2420 eidem
1426 2353 1559 2437 injunxi,
1585 2355 1638 2432 ui,

244 2465 341 2512 unum
364 2447 535 2511 alterumve
558 2446 705 2527 punctum
730 2445 909 2522 reservaret,
933 2463 1026 2527 super
1061 2463 1120 2528 quo
1144 2447 1305 2522 assereret,
1346 2462 1378 2509 se
1409 2441 1615 2508 concludendi

248 2536 438 2619 potestatem
462 2551 522 2597 nou
546 2533 669 2611 habere,
692 2534 787 2598 donec
810 2532 848 2596 ad
872 2552 922 2597 me
945 2535 1162 2597 reverteretur.
1637 2583 1638 2604 ,

354 2619 518 2704 Spargitur
551 2620 681 2699 interea,
706 2623 738 2684 et
772 2619 858 2685 volat
891 2620 974 2685 lama
1004 2620 1116 2702 ubique
1151 2638 1207 2703 ope
1241 2620 1443 2695 aemulorum,
1475 2619 1618 2682 Zrinium

245 2709 393 2775 rebellem
415 2725 495 2786 esse,
518 2707 698 2773 defecisses
719 2708 778 2773 ride
802 2707 953 2784 Caesaris,
977 2706 1159 2773 educturum
1183 2710 1214 2772 iu
1238 2706 1431 2782 Christianos
1455 2706 1616 2788 ingentem

246 2799 415 2863 Turcarum
447 2794 624 2870 exercitum,
647 2795 761 2860 habere
784 2813 857 2860 suos
880 2796 999 2879 legatos
1019 2796 1100 2878 apud
1125 2796 1253 2860 Portam
1270 2797 1474 2871 ottomauam,
1500 2798 1617 2857 terrore

245 2885 370 2950 tandmn
395 2882 564 2963 implentur
588 2884 701 2946 omnia.
726 2884 767 2946 ut
789 2901 855 2966 ego,
879 2887 914 2947 ut
938 2902 1043 2947 verum
1068 2881 1173 2958 fatear,
1198 2882 1306 2946 nolens
1330 2884 1360 2945 iu
1384 2900 1463 2963 aqua
1485 2880 1615 2944 turbida

245 2973 359 3056 piscari
383 2973 416 3034 et
438 2970 614 3051 praemium
638 2969 686 3052 (ut
710 2989 766 3053 ego
783 2971 974 3054 judicabam)
999 2971 1106 3034 virtuti
1129 2971 1223 3034 toties
1246 2973 1394 3052 negatum
1418 2971 1486 3033 dolo
1508 2971 1614 3032 erutor-

246 3078 349 3142 quere,
372 3075 434 3121 non
455 3057 499 3121 fui
534 3057 686 3122 sollicitus
710 3058 748 3122 de
771 3058 978 3140 conpescendo
1000 3059 1059 3122 isto
1094 3075 1260 3134 rummore,
1295 3057 1350 3120 sed
1380 3077 1451 3120 enm
1485 3056 1619 3138 permisi

246 3165 368 3211 currere
391 3144 558 3222 liberrimo,
584 3145 645 3209 imo
668 3147 798 3228 quodam
819 3145 908 3210 modo
932 3145 1012 3222 auri,
1037 3146 1063 3209 si
1098 3164 1157 3209 nou
1189 3146 1281 3209 cleris
1314 3145 1425 3208 saltem
1457 3143 1618 3225 ambigius

247 3234 355 3312 literis,
380 3233 552 3315 colloquiis,
577 3232 775 3309 discursibus,
800 3233 986 3298 tractatibus
1009 3233 1139 3316 aliisque
1162 3235 1363 3316 argumentis
1388 3251 1466 3315 quae
1491 3232 1563 3314 jam
1589 3233 1618 3293 in

246 3323 374 3406 probam
399 3321 473 3385 facti
495 3323 601 3385 contra
626 3339 674 3383 me
696 3321 885 3398 adferuntur,
918 3340 988 3384 cum
1011 3324 1110 3385 tamen
1134 3321 1283 3385 simulata
1316 3324 1430 3390 merrte,
1455 3325 1487 3382 et
1511 3337 1618 3401 perso·

247 3415 320 3474 nato
345 3410 433 3473 vultu
457 3427 475 3472 a
499 3429 547 3472 me
571 3413 694 3489 peracta
715 3409 779 3472 siut
800 3410 836 3472 ad
859 3410 939 3472 hanc
973 3409 1116 3473 technam
1150 3408 1260 3472 melius
1293 3409 1482 3484 struendam,
1507 3427 1528 3470 u
1569 3407 1616 3469 rel

246 3499 303 3562 hoc
326 3496 487 3561 umbratili
512 3498 637 3573 terrore,
662 3496 909 3562 aestimationem
941 3496 973 3560 et
997 3498 1212 3578 promotiorem
1245 3498 1276 3560 in
1310 3496 1390 3559 ¹dolo
1426 3495 1617 3575 adipiscerer·

247 3585 280 3649 iu
303 3603 362 3666 qua
385 3582 509 3648 illibata
541 3584 660 3666 jugiter
684 3603 769 3648 ureae
794 3583 932 3646 familiae
955 3583 1041 3662 fides,
1079 3584 1230 3666 majorum
1255 3603 1392 3647 meorum
1425 3587 1523 3662 gesta,
1559 3581 1618 3644 mi·

248 3675 345 3736 raudo
361 3672 463 3754 potius
487 3691 578 3754 quam
603 3672 797 3746 irumitauda,
822 3689 978 3753 uupperna
1002 3672 1064 3734 mei
1087 3671 1185 3754 putris
1205 3671 1358 3754 gloriosae
1376 3670 1534 3743 memoria,
1554 3689 1619 3732 me-

251 3760 311 3823 rita
332 3761 364 3822 et
388 3759 534 3823 nonnulla
558 3777 626 3823 mea
650 3759 747 3840 (absit
769 3759 919 3840 jactantia
936 3759 1042 3842 verbo)
1066 3760 1202 3822 extincta
1224 3761 1256 3822 et
1277 3758 1443 3824 obliterata
1459 3758 1617 3840 jacebant.

247 3845 318 3911 Nou
354 3847 495 3910 obstante
528 3849 632 3910 tamen
668 3847 723 3910 hoc
762 3847 984 3928 stratagemate
1019 3848 1051 3910 et
1085 3845 1195 3911 techna
1229 3847 1286 3910 hac
1320 3845 1494 3922 artificiosa,
1521 3863 1615 3926 quam

248 3934 400 4011 ordiebar,
425 3936 460 3998 ιιι
481 3952 549 3997 mea
583 3953 669 3998 meus
706 3953 782 4015 pura
816 3933 974 4006 remansit,
1009 3952 1224 4016 nunquamque
1247 3935 1285 3998 ad
1321 3931 1493 4014 perifidiam
1530 3933 1617 3997 colli·

248 4022 355 4098 mavit,
380 4021 424 4084 ita
448 4020 532 4084 omni
556 4020 728 4084 hostilitate
752 4020 888 4085 abstinui
921 4024 953 4085 ct
983 4020 1061 4085 nibil
1092 4039 1217 4104 prorsus
1246 4023 1339 4104 gessi,
1371 4022 1452 4102 quod
1485 4021 1617 4085 Vestrae

250 4108 411 4173 Maiestati
435 4107 514 4172 foret
547 4108 815 4190 praejudiciosum,
853 4108 914 4172 imo
949 4109 981 4172 ιιι
1015 4109 1114 4172 reditu
1140 4109 1238 4190 patris
1273 4109 1425 4187 Foratall,
1450 4127 1544 4190 quem
1581 4109 1616 4172 ad

248 4198 394 4261 Vestram
411 4193 592 4260 Caesaream
615 4197 811 4260 Maiestatem
838 4195 1064 4278 ablegaveram,
1087 4195 1125 4259 ad
1153 4199 1264 4260 uutrrm
1287 4195 1417 4260 Vestrae
1440 4197 1618 4260 Maiestatis

250 4282 416 4348 Caesareae
444 4286 475 4346 et
488 4282 704 4365 principalium
721 4301 846 4348 suorum
870 4283 1081 4348 ministrorum
1103 4285 1142 4347 ab
1162 4283 1220 4351 bac
1243 4285 1309 4366 ipsa
1325 4284 1484 4348 umbratili
1500 4289 1533 4346 at
1550 4304 1618 4366 per·

249 4372 358 4436 sonata
382 4389 483 4453 pugna
516 4369 633 4447 destiti,
658 4371 779 4435 caetera
801 4371 904 4434 omnia
927 4371 1054 4436 Vestrae
1081 4371 1215 4436 Maiesta
1253 4371 1444 4454 gratissima,
1483 4372 1617 4452 prestiti,

250 4461 314 4522 esto
336 4458 521 4522 facillimum
547 4459 622 4522 mihi
645 4458 764 4535 fuisset,
804 4459 905 4522 multa
939 4459 1023 4522 mala
1057 4459 1134 4523 mibi
1169 4463 1373 4542 perpetrasse,
1398 4463 1430 4522 et
1454 4465 1488 4522 ut
1510 4479 1616 4524 omues

249 4544 429 4610 fatebuntur
447 4544 632 4610 Caesareum
652 4546 794 4623 militem,
814 4545 846 4608 in
867 4545 1040 4611 Confiuiuur
1064 4565 1150 4612 meae
1174 4547 1308 4626 Insulae,
1345 4546 1383 4610 de
1407 4546 1455 4610 die
1479 4546 1510 4610 in
1536 4547 1616 4611 diem

248 4633 333 4696 lento
356 4632 431 4715 pede
456 4635 489 4697 et
513 4634 591 4697 raris
615 4633 792 4716 agminibus
816 4653 883 4698 sese
903 4637 1142 4718 congregantem
1166 4633 1196 4698 iu
1218 4634 1282 4698 dies
1306 4653 1399 4717 parva
1423 4653 1519 4700 maun
1548 4654 1615 4702 suc·

249 4721 368 4790 cassiae
389 4719 604 4786 trucidassem.
1198 4732 1200 4736 ’
