3286 5260
238 274 304 340 336

237 449 350 531 extitit,
374 449 461 515 nulla
484 449 617 514 exercita
637 447 813 514 hostilitate
835 449 941 532 sponte
972 467 1005 514 se
1035 448 1197 534 resignans
1229 448 1373 533 ultroque
1407 467 1601 533 comparens,
1635 487 1636 522 r

238 539 305 603 tam
328 537 511 603 terribiliter
532 536 636 620 plecta
618 537 745 601 attur
712 539 804 620 atque
845 537 999 618 puniatur,
1024 537 1063 601 ad
1086 537 1342 617 satisfactionem,
1366 536 1474 602 arbit
1435 541 1544 615 trium,
1569 538 1606 602 ad
1635 603 1636 612 ,

237 626 349 691 falsam
374 625 467 690 delat'
459 643 561 689 renem
584 623 760 707 aliquorum
783 625 985 703 aemulorum,
1010 626 1042 689 t
1010 643 1230 708 paucarum
1254 625 1446 709 quorundam
1469 623 1606 690 familia-

237 733 307 779 rum
330 733 366 778 ιι
388 713 499 797 Styria,
524 711 734 777 Garnioliaet
756 710 858 777 Creat'
836 715 890 812 tra,
921 715 991 777 nost
993 713 1034 777 rie
1064 714 1151 778 bonis
1183 716 1214 778 et
1244 713 1370 779 sedibus
1404 712 1538 778 ιιιιιιιιΙ
1516 716 1605 790 ι,ιιιιι
1635 701 1636 772 i

237 820 368 885 quarum
397 801 562 865 meritaet
583 799 706 866 heroica
727 802 797 883 gest
798 820 824 878 a,
849 800 876 864 si
899 819 978 884 quae
998 801 1071 878 sint,
1097 819 1152 884 ego
1177 801 1332 886 suggilare
1355 801 1436 865 nolo.
1469 802 1519 901 Et·
1536 819 1636 906 con

238 976 334 1042 etiam
358 976 532 1055 rebellium,
557 976 626 1059 post
659 976 781 1041 illata'
773 978 881 1060 rogent
883 976 911 1040 ιι
932 978 1064 1077 damna,
1090 975 1119 1042 ιι
1140 939 1196 1043 ιιι
1215 975 1301 1060 justo
1331 976 1414 1042 bello
1448 977 1547 1059 capti,
1571 977 1609 1042 ab
1635 949 1636 952 Ἴ

237 1064 345 1130 Aue
307 1067 405 1129 rraoa
442 1065 608 1130 clementia
639 1081 701 1128 non
735 1063 836 1129 solum
871 1064 960 1130 venia
997 1065 1169 1144 donatist
1201 1066 1233 1129 iu
1262 1065 1421 1148 integrum
1455 1065 1636 1143 restituti,

237 1153 411 1219 sedetiam
440 1153 558 1217 divitiis
581 1154 614 1218 et
644 1152 810 1218 bonoribus
844 1151 928 1216 aucti
951 1151 1086 1218 fuerunt.
1127 1153 1227 1237 Regia
1258 1153 1350 1218 crede
1384 1151 1461 1217 mihi
1485 1171 1538 1218 ree
1562 1153 1610 1217 est

240 1259 405 1306 succurere
428 1239 535 1322 lapsis.

344 1329 427 1393 Bene
452 1327 582 1392 noscunt
608 1325 669 1392 mei
692 1325 817 1404 aemuli,
841 1326 922 1409 quod
947 1346 1001 1392 nos
1024 1327 1078 1392 diu
1100 1328 1298 1409 multumque
1325 1327 1546 1393 sudaverimus
1580 1327 1610 1389 et

237 1414 488 1480 excubaverimus
512 1433 566 1497 pro
590 1411 704 1499 Styria,
728 1413 882 1492 Oarniola,
907 1413 1040 1494 Oroatia,
1066 1414 1294 1492 deffendendis3
1316 1411 1494 1498 Zriniisque
1525 1415 1606 1497 vigi·

239 1503 378 1568 lantibus
398 1504 542 1586 poterant
561 1501 607 1567 illi
631 1504 663 1567 et
692 1502 747 1566 alii
779 1521 885 1568 secure
920 1504 1061 1568 dormire.
1086 1503 1130 1568 Ut
1153 1505 1257 1568 vetera
1286 1504 1436 1586 exempla,
1474 1520 1558 1585 quae
1582 1502 1612 1565 in

238 1589 377 1656 historiis
402 1590 492 1657 obvia
519 1593 599 1665 sunt,
624 1589 779 1668 omittam,
803 1591 1016 1656 resentissima
1054 1592 1199 1674 produco.
1231 1589 1346 1669 Quinto
1369 1592 1409 1656 ab
1433 1590 1506 1655 hinc
1534 1607 1612 1655 anno

240 1677 364 1744 Tartari
379 1679 577 1745 devorassent
592 1679 623 1742 ιι
646 1679 858 1745 devastassent
876 1678 1023 1763 Styriam,
1040 1678 1066 1744 si
1083 1697 1171 1743 meus
1194 1677 1298 1757 frater,
1321 1678 1392 1761 piae
1425 1677 1609 1756 memoriae,

240 1783 291 1832 eos
314 1784 374 1831 non
397 1765 591 1831 immolasset
613 1765 721 1831 Murae
745 1765 846 1831 undis.
870 1766 1039 1851 Kengiscb,
1064 1766 1142 1832 alias
1166 1765 1368 1832 Socbolovioh
1401 1767 1510 1844 Passa,
1535 1765 1612 1830 Oar-

239 1853 368 1918 nioliam
391 1856 423 1919 et
446 1852 601 1919 Oroatiem
620 1854 653 1919 in
689 1853 807 1919 cineres
835 1855 1014 1938 redegisset,
1048 1854 1107 1918 nisi
1138 1873 1203 1937 ego,
1238 1853 1405 1920 derelictus
1439 1853 1612 1937 quideme

240 1940 389 2007 Generale
426 1940 614 2026 Ansperger,
649 1942 701 2025 qui
736 1942 911 2007 securitatis
942 1961 1015 2024 ergo
1056 1942 1210 2008 Iabaoum
1245 1961 1277 2007 se
1314 1941 1454 2022 contulit,
1490 1941 1611 2006 Turcas

239 2029 461 2115 profligassem,
484 2033 574 2112 capto
607 2030 675 2112 ipso
707 2027 802 2094 fratre
827 2031 949 2095 Passae.
973 2029 1046 2094 Jam
1071 2031 1176 2094 autem
1207 2032 1239 2094 in
1264 2030 1437 2110 praemium
1459 2028 1609 2094 laborum

240 2121 272 2182 et
294 2117 449 2183 theseram
473 2116 674 2200 gratitudinis
690 2117 823 2182 suadent
845 2119 1005 2183 Maiestati
1029 2118 1166 2195 Vestrae,
1186 2121 1220 2183 ιι
1240 2118 1383 2202 stirpitus
1402 2116 1608 2196 eradicemur,

239 2205 295 2270 aut
317 2205 378 2272 alio
401 2206 710 2288 transplantaremur,
733 2205 780 2269 uti
803 2205 851 2269 illi
872 2205 951 2272 forte
975 2207 1083 2270 nostra
1104 2207 1194 2284 bona,
1216 2224 1293 2289 quae
1332 2206 1432 2271 multo
1455 2206 1611 2288 sanguine

240 2292 329 2358 nobis
352 2294 567 2371 constiterunt,
592 2295 739 2376 occupent
762 2294 794 2358 et
816 2294 1009 2376 possideant;
1034 2295 1162 2377 prodeat
1193 2295 1224 2358 iu
1259 2295 1398 2359 medium
1436 2293 1615 2376 quicunque

157 2463 159 2468 Δ
239 2381 365 2447 illorum
402 2383 514 2446 audeat
545 2400 615 2446 oum
649 2381 780 2446 veritate
814 2383 1002 2463 promittere,
1033 2400 1066 2447 ee
1089 2400 1219 2465 suosque
1253 2381 1456 2465 praestituros
1497 2379 1616 2446 Domui

240 2468 423 2534 Austriaoae
453 2470 486 2534 et
516 2467 744 2535 Christianitati
767 2468 837 2551 plus
861 2488 953 2553 quam
977 2469 1073 2534 Zrinii
1103 2469 1326 2552 praestiterunt
1363 2485 1460 2552 aequa
1483 2467 1550 2533 fide
1586 2468 1617 2532 et

242 2556 670 2639 constantia,domitnrosqne
692 2555 804 2621 melius
828 2557 998 2622 immanem
1021 2557 1110 2622 illum
1135 2557 1278 2622 hostem:
1301 2558 1413 2622 lubens
1443 2575 1521 2622 suae
1546 2575 1616 2638 pre·

242 2645 374 2710 tensioni
397 2644 578 2727 suffragium
614 2646 732 2709 addam.
769 2642 801 2708 Si
825 2649 930 2710 autern
969 2664 1056 2710 nemo
1082 2647 1138 2722 est,
1168 2646 1221 2728 qni
1243 2644 1276 2709 id
1298 2647 1456 2729 praestare
1480 2663 1615 2727 praesu·

244 2735 319 2810 mat,
343 2733 369 2796 si
394 2735 498 2796 nostro
523 2733 643 2796 muneri
666 2734 704 2797 ad
727 2733 905 2814 stupporem
929 2751 1044 2810 eorum,
1069 2735 1120 2815 qui
1144 2733 1288 2798 historias
1312 2732 1429 2816 legunt,
1455 2733 1616 2797 satisfeci·

242 2839 322 2900 mus,
346 2838 400 2884 cur
423 2837 481 2884 non
506 2839 677 2885 mereamur
699 2820 777 2884 illud
793 2822 971 2886 continuare
994 2824 1026 2884 et
1041 2823 1125 2886 avita
1149 2820 1229 2885 bona
1251 2821 1417 2904 possidere,
1441 2819 1616 2903 plusquam

242 2907 320 2973 alii?
344 2906 406 2972 Gur
429 2925 488 2971 non
511 2909 616 2991 potius
639 2907 786 2973 deberent
819 2913 1021 2975 averuncatae
1057 2907 1181 2974 arbores
1215 2909 1329 2974 iterum
1352 2907 1489 2992 plantari
1517 2913 1553 2972 ιι
1577 2909 1619 2972 ιι-

243 2995 321 3079 gari,
343 2998 378 3059 ut
401 2995 518 3060 radices
542 2996 682 3079 figerent,
706 2999 738 3060 et
761 2996 860 3060 denuo
884 2997 1019 3062 similem
1049 2997 1186 3061 fructum
1219 2996 1357 3061 ferrent?
1393 2996 1532 3061 Dabitur
1558 2997 1620 3060 for-

244 3100 300 3148 san
322 3083 423 3148 adhuc
458 3086 604 3161 occassio,
625 3103 688 3167 qua
711 3085 816 3149 licebit
836 3089 1016 3162 monstrare,
1041 3085 1109 3167 quis
1134 3084 1183 3148 sui
1206 3085 1367 3168 sanguinis
1389 3082 1550 3166 profusior
1576 3085 1618 3147 sit

243 3171 276 3236 in
299 3171 423 3237 servitio
447 3171 556 3236 domus
579 3173 780 3248 Austriacae;
806 3172 885 3237 faxit
906 3175 1001 3250 Deus,
1025 3174 1061 3236 ut
1084 3190 1118 3237 eo
1141 3172 1270 3251 fervore,
1294 3191 1353 3256 quo
1376 3191 1457 3236 nuno
1480 3172 1620 3236 currunt

243 3263 275 3324 et
298 3261 420 3326 certant
442 3260 523 3324 circa
545 3262 649 3326 nostra
674 3261 761 3339 bona,
787 3263 861 3326 tunc
884 3279 990 3327 omnes
1013 3260 1156 3326 certatim
1180 3279 1340 3326 curramus
1363 3259 1401 3325 ad
1425 3259 1622 3344 conflingen-

244 3350 318 3414 dum
342 3365 412 3412 oum
436 3348 532 3412 hoste.

349 3437 497 3500 Potentes
510 3455 543 3501 ee
556 3437 689 3502 exercuit
711 3437 860 3501 hactenus
885 3437 990 3501 contra
1007 3455 1067 3500 nos
1084 3435 1209 3514 inuidia,
1231 3435 1359 3520 jamque
1381 3435 1460 3501 foret
1485 3437 1619 3519 tempus

244 3523 281 3587 ut
303 3525 445 3600 cessaret,
470 3524 496 3588 ιι
520 3526 638 3589 ιιιιιιι
661 3526 715 3589 ιιι
738 3525 851 3589 ιιιιιιι
874 3525 1114 3602 contentaretnr,
1136 3525 1170 3587 at
1190 3541 1226 3588 ea
1249 3526 1298 3589 ost
1320 3524 1452 3589 invidiae
1476 3524 1622 3590 conditio

245 3609 295 3692 (ut
316 3613 460 3675 accurate
484 3615 571 3678 notat
594 3612 726 3678 Savedra
761 3611 792 3676 in
816 3612 880 3678 suis
908 3613 1044 3696 politicis
1067 3611 1342 3695 Emblematibus),
1377 3613 1415 3677 ut
1445 3615 1523 3678 aute
1561 3631 1622 3678 non

244 3696 374 3777 desinat,
414 3716 505 3781 quam
542 3719 613 3765 oum
646 3702 683 3765 ad
719 3703 888 3765 extremam
922 3698 1090 3764 detruserit
1113 3698 1291 3778 miseriam,
1316 3708 1349 3764 et
1371 3699 1524 3782 quoniam
1561 3702 1620 3765 illa

244 3785 425 3870 plerumque
460 3804 520 3852 ιοι
543 3787 603 3852 nisi
625 3788 828 3871 pusillaninee
850 3789 991 3871 occupat,
1025 3805 1145 3869 semper
1166 3788 1198 3852 ιι
1222 3788 1308 3853 metu
1343 3789 1401 3868 est,
1425 3806 1462 3853 ne
1488 3807 1622 3854 rursum

244 3873 278 3938 in
300 3875 392 3959 pedes
415 3893 483 3940 sese
506 3877 615 3959 erigat.

353 3960 386 4026 Si
410 3965 514 4027 tamen
538 3963 592 4027 isti
616 3965 670 4028 aut
692 3961 745 4028 alii
758 3963 929 4045 quicunque
941 3961 1054 4028 timent
1076 3960 1236 4042 ultionem,
1261 3961 1341 4028 iram
1366 3964 1421 4028 aut
1443 3963 1623 4029 vindictam

245 4066 265 4112 a
288 4066 338 4112 me
361 4052 392 4115 in
416 4049 488 4114 illos
512 4052 720 4129 exercendam,
744 4056 780 4115 ut
802 4050 967 4133 spargitur,
991 4052 1117 4134 ideoque
1141 4050 1271 4116 suadent
1294 4051 1424 4116 Vestrae
1453 4051 1623 4117 Maieststi

246 4135 411 4203 Caesareae
433 4157 471 4201 ne
494 4137 642 4204 restituar
665 4139 697 4202 in
719 4138 809 4218 bona,
834 4137 967 4221 patriam
991 4142 1022 4202 et
1045 4138 1203 4203 officium:
1230 4140 1295 4204 esto
1319 4140 1361 4204 sit
1394 4139 1453 4203 isto
1487 4139 1623 4204 frivolus

245 4226 339 4289 timor
363 4226 394 4290 et
426 4227 604 4306 excusatio,
644 4227 696 4309 qui
731 4243 854 4290 omnem
888 4225 999 4307 ubique
1030 4225 1188 4308 justitiam
1222 4227 1447 4309 pessumdaret,
1482 4225 1625 4293 libenter

246 4315 349 4378 tamen
366 4313 540 4380 cautionem
563 4317 594 4380 ιι
617 4313 688 4380 fidei
707 4313 882 4398 jussionem
904 4313 943 4378 iis
966 4313 1055 4392 dabo,
1073 4316 1105 4378 et
1125 4332 1342 4397 quamcunque
1359 4316 1623 4397 compositionem

246 4402 480 4487 imaginabilem
505 4421 576 4469 enm
600 4402 638 4467 ιιι
661 4402 760 4481 ιιιιο;
784 4420 844 4466 ιιι
868 4401 937 4484 peto
959 4420 979 4465 a
1001 4403 1066 4468 Deo
1087 4400 1204 4466 dimitti
1238 4402 1316 4466 mibi
1337 4404 1475 4484 peccata,
1499 4403 1623 4468 nisiex

246 4491 335 4557 eorde
358 4491 397 4556 iis
419 4491 579 4577 ignoscam
608 4509 716 4558 omnes
739 4490 868 4575 injurias
891 4488 1060 4556 christiano
1083 4507 1176 4567 more,
1190 4489 1227 4554 ut
1249 4507 1304 4555 noc
1327 4489 1484 4556 recordari
1511 4509 1622 4558 earum

248 4581 398 4663 optarem.
1635 4583 1636 4600 ¹
